Row ID,Order ID,Order Date,Ship Date,Ship Mode,Customer ID,Customer Name,Segment,Country,City,State,Postal Code,Region,Product ID,CategoryTree,Product Name,Sales,Quantity,Discount,Profit
5664,CA-2016-141957,7/21/2016,7/21/2016,Same Day,JG-15310,Jason Gross,Corporate,United States,Newark,Ohio,43055,East,OFF-AR-10000914,"{'MainCategory': 'Office Supplies', 'SubCategory': 'Art'}",Boston 16765 Mini Stand Up Battery Pencil Sharpener,18.656,2,0.2,1.3992
777,CA-2014-165974,6/29/2014,7/6/2014,Standard Class,DL-12865,Dan Lawera,Consumer,United States,Cincinnati,Ohio,45231,East,OFF-AR-10003405,"{'MainCategory': 'Office Supplies', 'SubCategory': 'Art'}","Dixon My First Ticonderoga Pencil, #2",32.76,7,0.2,3.6855
848,CA-2015-114300,10/13/2015,10/17/2015,Standard Class,AF-10885,Art Foster,Consumer,United States,Louisville,Kentucky,40214,South,FUR-CH-10001891,"{'MainCategory': 'Furniture', 'SubCategory': 'Chairs'}",Global Deluxe Office Fabric Chairs,287.94,3,0,77.7438
8575,CA-2014-159849,9/19/2014,9/19/2014,Same Day,JK-15640,Jim Kriz,Home Office,United States,San Francisco,California,94110,West,OFF-FA-10000053,"{'MainCategory': 'Office Supplies', 'SubCategory': 'Fasteners'}",Revere Boxed Rubber Bands by Revere,5.67,3,0,0.1134
3954,CA-2017-152961,1/15/2017,1/19/2017,Standard Class,SC-20095,Sanjit Chand,Consumer,United States,Quincy,Massachusetts,2169,East,OFF-PA-10004675,"{'MainCategory': 'Office Supplies', 'SubCategory': 'Paper'}","Telephone Message Books with Fax/Mobile Section, 5 1/2"" x 3 3/16""",12.7,2,0,5.842
3663,US-2017-129777,7/3/2017,7/9/2017,Standard Class,FM-14290,Frank Merwin,Home Office,United States,Quincy,Massachusetts,2169,East,TEC-AC-10003590,"{'MainCategory': 'Technology', 'SubCategory': 'Accessories'}","TRENDnet 56K USB 2.0 Phone, Internet and Fax Modem",258.9,10,0,93.204
286,CA-2015-130883,9/26/2015,10/2/2015,Standard Class,TB-21520,Tracy Blumstein,Consumer,United States,Portland,Oregon,97206,West,OFF-PA-10004100,"{'MainCategory': 'Office Supplies', 'SubCategory': 'Paper'}",Xerox 216,31.104,6,0.2,10.8864
7520,US-2017-167920,12/9/2017,12/12/2017,Second Class,JL-15835,John Lee,Consumer,United States,Richmond,Kentucky,40475,South,OFF-LA-10004409,"{'MainCategory': 'Office Supplies', 'SubCategory': 'Labels'}",Avery 492,5.76,2,0,2.6496
8035,CA-2015-119690,6/25/2015,6/28/2015,First Class,MV-17485,Mark Van Huff,Consumer,United States,Houston,Texas,77041,Central,FUR-FU-10004587,"{'MainCategory': 'Furniture', 'SubCategory': 'Furnishings'}","GE General Use Halogen Bulbs, 100 Watts, 1 Bulb per Pack",75.384,9,0.6,-20.7306
1476,CA-2016-113138,11/19/2016,11/25/2016,Standard Class,NP-18685,Nora Pelletier,Home Office,United States,Niagara Falls,New York,14304,East,OFF-BI-10000320,"{'MainCategory': 'Office Supplies', 'SubCategory': 'Binders'}",GBC Plastic Binding Combs,17.712,3,0.2,6.4206
4369,CA-2017-117044,9/11/2017,9/13/2017,Second Class,HA-14920,Helen Andreada,Consumer,United States,Chicago,Illinois,60623,Central,OFF-PA-10003657,"{'MainCategory': 'Office Supplies', 'SubCategory': 'Paper'}",Xerox 1927,20.544,6,0.2,6.42
557,CA-2016-113243,6/10/2016,6/15/2016,Standard Class,OT-18730,Olvera Toch,Consumer,United States,Los Angeles,California,90045,West,OFF-LA-10001297,"{'MainCategory': 'Office Supplies', 'SubCategory': 'Labels'}",Avery 473,20.7,2,0,9.936
6030,US-2016-112970,11/14/2016,11/15/2016,First Class,TB-21250,Tim Brockman,Consumer,United States,Los Angeles,California,90049,West,OFF-AR-10003829,"{'MainCategory': 'Office Supplies', 'SubCategory': 'Art'}",Newell 35,9.84,3,0,2.8536
3211,US-2017-108245,9/22/2017,9/27/2017,Standard Class,SH-19975,Sally Hughsby,Corporate,United States,Pearland,Texas,77581,Central,OFF-EN-10001415,"{'MainCategory': 'Office Supplies', 'SubCategory': 'Envelopes'}",Staple envelope,13.392,3,0.2,5.022
7317,CA-2016-132066,10/16/2016,10/20/2016,Standard Class,NB-18655,Nona Balk,Corporate,United States,New York City,New York,10011,East,FUR-TA-10001539,"{'MainCategory': 'Furniture', 'SubCategory': 'Tables'}",Chromcraft Rectangular Conference Tables,142.182,1,0.4,-37.9152
2999,CA-2014-138317,6/21/2014,6/25/2014,Standard Class,NW-18400,Natalie Webber,Consumer,United States,Philadelphia,Pennsylvania,19120,East,TEC-AC-10003628,"{'MainCategory': 'Technology', 'SubCategory': 'Accessories'}",Logitech 910-002974 M325 Wireless Mouse for Web Scrolling,95.968,4,0.2,28.7904
9020,CA-2014-100706,12/16/2014,12/18/2014,Second Class,LE-16810,Laurel Elliston,Consumer,United States,Springfield,Virginia,22153,South,TEC-AC-10001314,"{'MainCategory': 'Technology', 'SubCategory': 'Accessories'}",Case Logic 2.4GHz Wireless Keyboard,99.98,2,0,7.9984
4904,CA-2017-110884,3/7/2017,3/12/2017,Standard Class,SH-20395,Shahid Hopkins,Consumer,United States,New York City,New York,10035,East,OFF-LA-10003510,"{'MainCategory': 'Office Supplies', 'SubCategory': 'Labels'}","Avery 4027 File Folder Labels for Dot Matrix Printers, 5000 Labels per Box, White",91.59,3,0,42.1314
6418,CA-2016-111976,3/8/2016,3/12/2016,Standard Class,BD-11620,Brian DeCherney,Consumer,United States,Philadelphia,Pennsylvania,19120,East,OFF-FA-10004968,"{'MainCategory': 'Office Supplies', 'SubCategory': 'Fasteners'}",Rubber Band Ball,5.984,2,0.2,-1.3464
8333,CA-2016-153269,3/9/2016,3/12/2016,First Class,PS-18760,Pamela Stobb,Consumer,United States,Andover,Massachusetts,1810,East,FUR-CH-10002647,"{'MainCategory': 'Furniture', 'SubCategory': 'Chairs'}","Situations Contoured Folding Chairs, 4/Set",354.9,5,0,88.725
2718,CA-2014-100006,9/7/2014,9/13/2014,Standard Class,DK-13375,Dennis Kane,Consumer,United States,New York City,New York,10024,East,TEC-PH-10002075,"{'MainCategory': 'Technology', 'SubCategory': 'Phones'}",AT&T EL51110 DECT,377.97,3,0,109.6113
2112,CA-2015-164882,10/31/2015,10/31/2015,Same Day,SG-20080,Sandra Glassco,Consumer,United States,Redlands,California,92374,West,FUR-CH-10004218,"{'MainCategory': 'Furniture', 'SubCategory': 'Chairs'}","Global Fabric Manager's Chair, Dark Gray",323.136,4,0.2,20.196
9876,CA-2015-130855,12/29/2015,1/5/2016,Standard Class,RF-19840,Roy Franz√∂sisch,Consumer,United States,New York City,New York,10035,East,OFF-SU-10003936,"{'MainCategory': 'Office Supplies', 'SubCategory': 'Supplies'}",Acme Serrated Blade Letter Opener,6.36,2,0,0.0636
1919,CA-2015-123673,10/30/2015,11/1/2015,Second Class,CH-12070,Cathy Hwang,Home Office,United States,Detroit,Michigan,48227,Central,TEC-PH-10001809,"{'MainCategory': 'Technology', 'SubCategory': 'Phones'}",Panasonic KX T7736-B Digital phone,299.9,2,0,74.975
1303,CA-2015-115847,9/19/2015,9/24/2015,Second Class,TC-21535,Tracy Collins,Home Office,United States,Arlington,Virginia,22204,South,FUR-BO-10003433,"{'MainCategory': 'Furniture', 'SubCategory': 'Bookcases'}",Sauder Cornerstone Collection Library,61.96,2,0,4.3372
3900,CA-2017-157980,12/7/2017,12/9/2017,First Class,SH-20395,Shahid Hopkins,Consumer,United States,Toledo,Ohio,43615,East,TEC-AC-10002567,"{'MainCategory': 'Technology', 'SubCategory': 'Accessories'}",Logitech G602 Wireless Gaming Mouse,127.984,2,0.2,25.5968
1207,CA-2016-137050,7/14/2016,7/18/2016,Second Class,SW-20755,Steven Ward,Corporate,United States,New York City,New York,10009,East,OFF-ST-10004634,"{'MainCategory': 'Office Supplies', 'SubCategory': 'Storage'}","Personal Folder Holder, Ebony",11.21,1,0,3.363
5786,CA-2017-141117,10/2/2017,10/8/2017,Standard Class,JK-16090,Juliana Krohn,Consumer,United States,Springfield,Oregon,97477,West,OFF-SU-10004664,"{'MainCategory': 'Office Supplies', 'SubCategory': 'Supplies'}",Acme Softgrip Scissors,39.072,6,0.2,4.3956
3188,CA-2017-159352,3/12/2017,3/17/2017,Standard Class,KB-16585,Ken Black,Corporate,United States,Lowell,Massachusetts,1852,East,TEC-PH-10004700,"{'MainCategory': 'Technology', 'SubCategory': 'Phones'}",PowerGen Dual USB Car Charger,69.93,7,0,32.1678
858,CA-2014-125612,8/3/2014,8/8/2014,Standard Class,BK-11260,Berenike Kampe,Consumer,United States,New York City,New York,10035,East,OFF-ST-10003221,"{'MainCategory': 'Office Supplies', 'SubCategory': 'Storage'}",Staple magnet,21.36,2,0,5.7672
8782,CA-2015-133585,3/1/2015,3/4/2015,First Class,CM-12715,Craig Molinari,Corporate,United States,Houston,Texas,77070,Central,FUR-BO-10001811,"{'MainCategory': 'Furniture', 'SubCategory': 'Bookcases'}","Atlantic Metals Mobile 5-Shelf Bookcases, Custom Colors",1227.9984,6,0.32,-36.1176
5501,CA-2017-164378,7/15/2017,7/18/2017,Second Class,MM-18055,Michelle Moray,Consumer,United States,New York City,New York,10024,East,FUR-CH-10002084,"{'MainCategory': 'Furniture', 'SubCategory': 'Chairs'}",Hon Mobius Operator's Chair,664.146,6,0.1,88.5528
97,CA-2017-161018,11/9/2017,11/11/2017,Second Class,PN-18775,Parhena Norris,Home Office,United States,New York City,New York,10009,East,FUR-FU-10000629,"{'MainCategory': 'Furniture', 'SubCategory': 'Furnishings'}",9-3/4 Diameter Round Wall Clock,96.53,7,0,40.5426
753,CA-2017-126074,10/2/2017,10/6/2017,Standard Class,RF-19735,Roland Fjeld,Consumer,United States,Trenton,Michigan,48183,Central,OFF-BI-10000546,"{'MainCategory': 'Office Supplies', 'SubCategory': 'Binders'}",Avery Durable Binders,2.88,1,0,1.4112
8676,CA-2017-163265,2/16/2017,2/21/2017,Standard Class,JS-16030,Joy Smith,Consumer,United States,Decatur,Illinois,62521,Central,OFF-AR-10004078,"{'MainCategory': 'Office Supplies', 'SubCategory': 'Art'}",Newell 312,28.032,6,0.2,3.504
3745,CA-2014-113047,10/24/2014,10/24/2014,Same Day,AP-10915,Arthur Prichep,Consumer,United States,Rock Hill,South Carolina,29730,South,OFF-FA-10002763,"{'MainCategory': 'Office Supplies', 'SubCategory': 'Fasteners'}",Advantus Map Pennant Flags and Round Head Tacks,11.85,3,0,3.792
6534,US-2017-107384,12/4/2017,12/8/2017,Standard Class,TP-21130,Theone Pippenger,Consumer,United States,Rochester,Minnesota,55901,Central,TEC-AC-10001539,"{'MainCategory': 'Technology', 'SubCategory': 'Accessories'}",Logitech G430 Surround Sound Gaming Headset with Dolby 7.1 Technology,399.95,5,0,143.982
9456,CA-2016-140977,6/16/2016,6/19/2016,Second Class,JL-15175,James Lanier,Home Office,United States,Chattanooga,Tennessee,37421,South,TEC-MA-10003493,"{'MainCategory': 'Technology', 'SubCategory': 'Machines'}",Penpower WorldCard Pro Card Scanner,91.475,1,0.5,-1.8295
6834,CA-2016-153101,9/8/2016,9/8/2016,Same Day,PJ-19015,Pauline Johnson,Consumer,United States,Santa Ana,California,92704,West,FUR-TA-10003008,"{'MainCategory': 'Furniture', 'SubCategory': 'Tables'}","Lesro Round Back Collection Coffee Table, End Table",146.04,1,0.2,-12.7785
8127,CA-2015-137064,2/6/2015,2/13/2015,Standard Class,TS-21655,Trudy Schmidt,Consumer,United States,Houston,Texas,77070,Central,TEC-AC-10003499,"{'MainCategory': 'Technology', 'SubCategory': 'Accessories'}",Memorex Mini Travel Drive 8 GB USB 2.0 Flash Drive,18.528,2,0.2,4.4004
6445,CA-2016-101161,10/13/2016,10/20/2016,Standard Class,BW-11110,Bart Watters,Corporate,United States,New York City,New York,10024,East,FUR-FU-10003535,"{'MainCategory': 'Furniture', 'SubCategory': 'Furnishings'}",Howard Miller Distant Time Traveler Alarm Clock,82.26,3,0,33.7266
704,CA-2015-142027,4/9/2015,4/14/2015,Standard Class,JK-15370,Jay Kimmel,Consumer,United States,Long Beach,California,90805,West,FUR-TA-10002774,"{'MainCategory': 'Furniture', 'SubCategory': 'Tables'}",Laminate Occasional Tables,369.912,3,0.2,-13.8717
1237,CA-2016-144344,10/28/2016,10/28/2016,Same Day,PG-18820,Patrick Gardner,Consumer,United States,Boynton Beach,Florida,33437,South,FUR-FU-10003268,"{'MainCategory': 'Furniture', 'SubCategory': 'Furnishings'}",Eldon Radial Chair Mat for Low to Medium Pile Carpets,63.968,2,0.2,0
5454,US-2017-108700,5/19/2017,5/23/2017,Standard Class,PJ-18835,Patrick Jones,Corporate,United States,Rockford,Illinois,61107,Central,OFF-PA-10004733,"{'MainCategory': 'Office Supplies', 'SubCategory': 'Paper'}",Things To Do Today Spiral Book,38.016,6,0.2,13.7808
4085,CA-2017-163692,9/7/2017,9/9/2017,First Class,Dp-13240,Dean percer,Home Office,United States,Phoenix,Arizona,85023,West,OFF-BI-10003291,"{'MainCategory': 'Office Supplies', 'SubCategory': 'Binders'}",Wilson Jones Leather-Like Binders with DublLock Round Rings,7.857,3,0.7,-6.0237
4947,CA-2016-151372,9/5/2016,9/6/2016,First Class,JH-15985,Joseph Holt,Consumer,United States,Redondo Beach,California,90278,West,OFF-FA-10000304,"{'MainCategory': 'Office Supplies', 'SubCategory': 'Fasteners'}",Advantus Push Pins,4.36,2,0,1.7876
7871,CA-2017-122112,9/25/2017,9/29/2017,Standard Class,CA-11965,Carol Adams,Corporate,United States,Lakewood,Ohio,44107,East,OFF-EN-10004459,"{'MainCategory': 'Office Supplies', 'SubCategory': 'Envelopes'}",Security-Tint Envelopes,24.448,4,0.2,8.8624
2130,US-2014-114188,5/20/2014,5/22/2014,Second Class,RF-19345,Randy Ferguson,Corporate,United States,Dover,New Hampshire,3820,East,OFF-AP-10000124,"{'MainCategory': 'Office Supplies', 'SubCategory': 'Appliances'}",Acco 6 Outlet Guardian Basic Surge Suppressor,33.28,4,0,9.3184
7503,US-2017-120147,3/30/2017,3/30/2017,Same Day,TB-21400,Tom Boeckenhauer,Consumer,United States,Los Angeles,California,90036,West,OFF-AR-10000817,"{'MainCategory': 'Office Supplies', 'SubCategory': 'Art'}",Manco Dry-Lighter Erasable Highlighter,6.08,2,0,2.0672
6329,CA-2014-167927,1/20/2014,1/26/2014,Standard Class,XP-21865,Xylona Preis,Consumer,United States,Westland,Michigan,48185,Central,OFF-BI-10000605,"{'MainCategory': 'Office Supplies', 'SubCategory': 'Binders'}","Acco Pressboard Covers with Storage Hooks, 9 1/2"" x 11"", Executive Red",19.05,5,0,8.9535
2626,CA-2017-127180,10/22/2017,10/24/2017,First Class,TA-21385,Tom Ashbrook,Home Office,United States,New York City,New York,10024,East,OFF-EN-10002500,"{'MainCategory': 'Office Supplies', 'SubCategory': 'Envelopes'}",Globe Weis Peel & Seel First Class Envelopes,63.9,5,0,28.755
993,CA-2016-105585,8/26/2016,8/27/2016,First Class,RF-19735,Roland Fjeld,Consumer,United States,San Jose,California,95123,West,OFF-FA-10002983,"{'MainCategory': 'Office Supplies', 'SubCategory': 'Fasteners'}",Advantus SlideClip Paper Clips,10.23,3,0,4.9104
9047,CA-2017-137463,12/16/2017,12/20/2017,Second Class,KM-16225,Kalyca Meade,Corporate,United States,Sunnyvale,California,94086,West,TEC-AC-10000057,"{'MainCategory': 'Technology', 'SubCategory': 'Accessories'}",Microsoft Natural Ergonomic Keyboard 4000,149.95,5,0,31.4895
8546,CA-2016-119074,3/27/2016,3/31/2016,Standard Class,DS-13180,David Smith,Corporate,United States,Columbus,Georgia,31907,South,FUR-FU-10003731,"{'MainCategory': 'Furniture', 'SubCategory': 'Furnishings'}","Eldon Expressions Wood and Plastic Desk Accessories, Oak",39.92,4,0,11.1776
8907,US-2016-126431,7/1/2016,7/1/2016,Same Day,SU-20665,Stephanie Ulpright,Home Office,United States,New York City,New York,10009,East,OFF-PA-10001950,"{'MainCategory': 'Office Supplies', 'SubCategory': 'Paper'}",Southworth 25% Cotton Antique Laid Paper & Envelopes,75.06,9,0,33.777
1515,CA-2017-112809,8/18/2017,8/22/2017,Standard Class,RA-19915,Russell Applegate,Consumer,United States,Dallas,Texas,75220,Central,OFF-BI-10001636,"{'MainCategory': 'Office Supplies', 'SubCategory': 'Binders'}",Ibico Plastic and Wire Spiral Binding Combs,6.744,4,0.8,-11.4648
5407,US-2016-143280,2/22/2016,2/26/2016,Standard Class,TZ-21580,Tracy Zic,Consumer,United States,Los Angeles,California,90045,West,OFF-FA-10000992,"{'MainCategory': 'Office Supplies', 'SubCategory': 'Fasteners'}","Acco Clips to Go Binder Clips, 24 Clips in Two Sizes",10.65,3,0,5.0055
2661,CA-2017-123372,11/28/2017,12/2/2017,Standard Class,DG-13300,Deirdre Greer,Corporate,United States,New York City,New York,10035,East,TEC-PH-10002834,"{'MainCategory': 'Technology', 'SubCategory': 'Phones'}",Google Nexus 5,1979.89,11,0,494.9725
1213,US-2017-118087,9/9/2017,9/13/2017,Standard Class,SP-20620,Stefania Perrino,Corporate,United States,Philadelphia,Pennsylvania,19134,East,FUR-CH-10004860,"{'MainCategory': 'Furniture', 'SubCategory': 'Chairs'}",Global Low Back Tilter Chair,141.372,2,0.3,-48.4704
1029,CA-2014-163552,7/11/2014,7/15/2014,Standard Class,LA-16780,Laura Armstrong,Corporate,United States,Hackensack,New Jersey,7601,East,OFF-PA-10000474,"{'MainCategory': 'Office Supplies', 'SubCategory': 'Paper'}",Easy-staple paper,177.2,5,0,83.284
64,CA-2015-135545,11/24/2015,11/30/2015,Standard Class,KM-16720,Kunst Miller,Consumer,United States,Los Angeles,California,90004,West,OFF-BI-10001078,"{'MainCategory': 'Office Supplies', 'SubCategory': 'Binders'}","Acco PRESSTEX Data Binder with Storage Hooks, Dark Blue, 14 7/8"" X 11""",25.824,6,0.2,9.3612
4889,CA-2016-163167,11/28/2016,12/1/2016,Second Class,RF-19345,Randy Ferguson,Corporate,United States,Marietta,Georgia,30062,South,OFF-ST-10004459,"{'MainCategory': 'Office Supplies', 'SubCategory': 'Storage'}",Tennsco Single-Tier Lockers,1126.02,3,0,56.301
8231,CA-2016-162355,6/30/2016,7/2/2016,Second Class,PF-19165,Philip Fox,Consumer,United States,Sandy Springs,Georgia,30328,South,OFF-AR-10004344,"{'MainCategory': 'Office Supplies', 'SubCategory': 'Art'}",Bulldog Vacuum Base Pencil Sharpener,35.97,3,0,9.7119
1329,CA-2017-106033,10/15/2017,10/18/2017,Second Class,FG-14260,Frank Gastineau,Home Office,United States,San Francisco,California,94110,West,OFF-AR-10002818,"{'MainCategory': 'Office Supplies', 'SubCategory': 'Art'}",Panasonic KP-310 Heavy-Duty Electric Pencil Sharpener,87.92,4,0,26.376
7839,CA-2015-149083,9/25/2015,9/30/2015,Standard Class,SH-19975,Sally Hughsby,Corporate,United States,Seattle,Washington,98103,West,TEC-AC-10002567,"{'MainCategory': 'Technology', 'SubCategory': 'Accessories'}",Logitech G602 Wireless Gaming Mouse,159.98,2,0,57.5928
6191,CA-2016-157259,12/24/2016,12/28/2016,Standard Class,JM-15535,Jessica Myrick,Consumer,United States,New York City,New York,10035,East,FUR-FU-10003192,"{'MainCategory': 'Furniture', 'SubCategory': 'Furnishings'}",Luxo Adjustable Task Clamp Lamp,799.56,9,0,207.8856
9580,CA-2017-152975,9/14/2017,9/16/2017,First Class,RB-19705,Roger Barcio,Home Office,United States,New York City,New York,10035,East,OFF-ST-10001370,"{'MainCategory': 'Office Supplies', 'SubCategory': 'Storage'}",Sensible Storage WireTech Storage Systems,70.98,1,0,3.549
5049,US-2014-104759,3/31/2014,4/4/2014,Standard Class,DD-13570,Dorothy Dickinson,Consumer,United States,Chicago,Illinois,60610,Central,OFF-BI-10002071,"{'MainCategory': 'Office Supplies', 'SubCategory': 'Binders'}",Fellowes Black Plastic Comb Bindings,8.134,7,0.8,-13.8278
9352,CA-2016-159009,9/23/2016,9/27/2016,Standard Class,DP-13105,Dave Poirier,Corporate,United States,Seattle,Washington,98115,West,FUR-CH-10003396,"{'MainCategory': 'Furniture', 'SubCategory': 'Chairs'}",Global Deluxe Steno Chair,184.752,3,0.2,-20.7846
2404,US-2016-110170,9/27/2016,10/3/2016,Standard Class,HM-14860,Harry Marie,Corporate,United States,Huntsville,Texas,77340,Central,FUR-BO-10000780,"{'MainCategory': 'Furniture', 'SubCategory': 'Bookcases'}",O'Sullivan Plantations 2-Door Library in Landvery Oak,956.6648,7,0.32,-225.0976
8975,CA-2017-156622,11/23/2017,11/26/2017,First Class,JP-15460,Jennifer Patt,Corporate,United States,Dallas,Texas,75220,Central,OFF-PA-10000477,"{'MainCategory': 'Office Supplies', 'SubCategory': 'Paper'}",Xerox 22,36.288,7,0.2,12.7008
8597,CA-2014-111934,5/5/2014,5/7/2014,First Class,GD-14590,Giulietta Dortch,Corporate,United States,Arlington,Virginia,22204,South,OFF-PA-10000474,"{'MainCategory': 'Office Supplies', 'SubCategory': 'Paper'}",Easy-staple paper,35.44,1,0,16.6568
5218,CA-2017-134635,4/15/2017,4/17/2017,Second Class,NS-18640,Noel Staavos,Corporate,United States,Los Angeles,California,90049,West,OFF-PA-10002254,"{'MainCategory': 'Office Supplies', 'SubCategory': 'Paper'}",Xerox 1883,79.14,3,0,36.4044
2305,CA-2017-157931,9/17/2017,9/22/2017,Second Class,MO-17800,Meg O'Connel,Home Office,United States,Roswell,Georgia,30076,South,OFF-PA-10000474,"{'MainCategory': 'Office Supplies', 'SubCategory': 'Paper'}",Easy-staple paper,106.32,3,0,49.9704
7995,US-2015-165743,11/20/2015,11/23/2015,Second Class,MM-18055,Michelle Moray,Consumer,United States,Aurora,Colorado,80013,West,FUR-BO-10002268,"{'MainCategory': 'Furniture', 'SubCategory': 'Bookcases'}",Sauder Barrister Bookcases,145.764,6,0.7,-247.7988
5993,US-2017-163300,9/15/2017,9/21/2017,Standard Class,ES-14020,Erica Smith,Consumer,United States,Los Angeles,California,90049,West,FUR-CH-10003396,"{'MainCategory': 'Furniture', 'SubCategory': 'Chairs'}",Global Deluxe Steno Chair,184.752,3,0.2,-20.7846
6340,CA-2017-143112,10/5/2017,10/9/2017,Standard Class,TS-21370,Todd Sumrall,Corporate,United States,New York City,New York,10035,East,FUR-CH-10002880,"{'MainCategory': 'Furniture', 'SubCategory': 'Chairs'}","Global High-Back Leather Tilter, Burgundy",221.382,2,0.1,2.4598
8795,CA-2014-162992,12/19/2014,12/21/2014,First Class,BP-11095,Bart Pistole,Corporate,United States,Los Angeles,California,90008,West,TEC-PH-10001944,"{'MainCategory': 'Technology', 'SubCategory': 'Phones'}",Wi-Ex zBoost YX540 Cellular Phone Signal Booster,583.8,5,0.2,72.975
6691,US-2017-165869,7/31/2017,8/5/2017,Standard Class,LS-17200,Luke Schmidt,Corporate,United States,Milwaukee,Wisconsin,53209,Central,OFF-BI-10003460,"{'MainCategory': 'Office Supplies', 'SubCategory': 'Binders'}",Acco 3-Hole Punch,17.52,4,0,8.4096
9817,CA-2015-162201,6/8/2015,6/12/2015,Standard Class,AG-10495,Andrew Gjertsen,Corporate,United States,Saint Petersburg,Florida,33710,South,OFF-ST-10000046,"{'MainCategory': 'Office Supplies', 'SubCategory': 'Storage'}",Fellowes Super Stor/Drawer Files,516.96,4,0.2,-6.462
4516,US-2017-111920,10/22/2017,10/26/2017,Standard Class,PS-18970,Paul Stevenson,Home Office,United States,Tulsa,Oklahoma,74133,Central,OFF-AR-10003179,"{'MainCategory': 'Office Supplies', 'SubCategory': 'Art'}",Dixon Ticonderoga Core-Lock Colored Pencils,36.44,4,0,12.0252
2838,CA-2017-110842,11/11/2017,11/16/2017,Standard Class,GA-14725,Guy Armstrong,Consumer,United States,Los Angeles,California,90036,West,OFF-BI-10000977,"{'MainCategory': 'Office Supplies', 'SubCategory': 'Binders'}",Ibico Plastic Spiral Binding Combs,121.6,5,0.2,39.52
326,CA-2017-153339,11/3/2017,11/5/2017,Second Class,DJ-13510,Don Jones,Corporate,United States,Murfreesboro,Tennessee,37130,South,FUR-FU-10001967,"{'MainCategory': 'Furniture', 'SubCategory': 'Furnishings'}",Telescoping Adjustable Floor Lamp,15.992,1,0.2,0.9995
2371,CA-2017-155152,7/7/2017,7/9/2017,Second Class,MP-17965,Michael Paige,Corporate,United States,Warwick,Rhode Island,2886,East,TEC-AC-10004353,"{'MainCategory': 'Technology', 'SubCategory': 'Accessories'}",Hypercom P1300 Pinpad,252,4,0,93.24
1109,US-2016-110156,11/19/2016,11/24/2016,Standard Class,EH-13945,Eric Hoffmann,Consumer,United States,Houston,Texas,77041,Central,OFF-FA-10003495,"{'MainCategory': 'Office Supplies', 'SubCategory': 'Fasteners'}",Staples,58.368,12,0.2,21.888
3156,CA-2014-128986,8/3/2014,8/5/2014,Second Class,GH-14410,Gary Hansen,Home Office,United States,Glendale,Arizona,85301,West,OFF-PA-10001289,"{'MainCategory': 'Office Supplies', 'SubCategory': 'Paper'}",White Computer Printout Paper by Universal,93.024,3,0.2,33.7212
1637,CA-2014-168984,11/26/2014,12/2/2014,Standard Class,NW-18400,Natalie Webber,Consumer,United States,Tigard,Oregon,97224,West,OFF-ST-10001097,"{'MainCategory': 'Office Supplies', 'SubCategory': 'Storage'}",Office Impressions Heavy Duty Welded Shelving & Multimedia Storage Drawers,669.08,5,0.2,-167.27
23,CA-2016-137330,12/9/2016,12/13/2016,Standard Class,KB-16585,Ken Black,Corporate,United States,Fremont,Nebraska,68025,Central,OFF-AP-10001492,"{'MainCategory': 'Office Supplies', 'SubCategory': 'Appliances'}","Acco Six-Outlet Power Strip, 4' Cord Length",60.34,7,0,15.6884
8697,CA-2017-119284,6/15/2017,6/20/2017,Standard Class,TS-21205,Thomas Seio,Corporate,United States,Nashville,Tennessee,37211,South,TEC-PH-10001051,"{'MainCategory': 'Technology', 'SubCategory': 'Phones'}",HTC One,239.976,3,0.2,26.9973
6011,CA-2015-135580,12/30/2015,1/3/2016,Standard Class,CL-12565,Clay Ludtke,Consumer,United States,Los Angeles,California,90049,West,TEC-MA-10004002,"{'MainCategory': 'Technology', 'SubCategory': 'Machines'}",Zebra GX420t Direct Thermal/Thermal Transfer Printer,2548.56,6,0.2,286.713
1484,CA-2017-101210,8/25/2017,8/28/2017,Second Class,DW-13540,Don Weiss,Consumer,United States,Jackson,Tennessee,38301,South,OFF-PA-10000130,"{'MainCategory': 'Office Supplies', 'SubCategory': 'Paper'}",Xerox 199,3.424,1,0.2,1.07
1325,CA-2014-107153,9/28/2014,10/3/2014,Standard Class,GZ-14545,George Zrebassa,Corporate,United States,Lawrence,Massachusetts,1841,East,OFF-ST-10001321,"{'MainCategory': 'Office Supplies', 'SubCategory': 'Storage'}","Decoflex Hanging Personal Folder File, Blue",46.26,3,0,12.4902
3723,CA-2017-144036,11/22/2017,11/26/2017,Standard Class,FO-14305,Frank Olsen,Consumer,United States,Houston,Texas,77070,Central,OFF-AR-10000122,"{'MainCategory': 'Office Supplies', 'SubCategory': 'Art'}",Newell 314,35.712,8,0.2,2.232
7799,CA-2017-166184,3/24/2017,3/27/2017,First Class,HR-14830,Harold Ryan,Corporate,United States,New York City,New York,10035,East,TEC-PH-10002624,"{'MainCategory': 'Technology', 'SubCategory': 'Phones'}",Samsung Galaxy S4 Mini,469.99,1,0,136.2971
4021,CA-2014-154963,6/22/2014,6/27/2014,Standard Class,AA-10645,Anna Andreadi,Consumer,United States,Chester,Pennsylvania,19013,East,FUR-CH-10004698,"{'MainCategory': 'Furniture', 'SubCategory': 'Chairs'}","Padded Folding Chairs, Black, 4/Carton",170.058,3,0.3,-4.8588
6748,CA-2017-100230,12/11/2017,12/15/2017,Standard Class,AA-10375,Allen Armold,Consumer,United States,New York City,New York,10035,East,OFF-BI-10002498,"{'MainCategory': 'Office Supplies', 'SubCategory': 'Binders'}",Clear Mylar Reinforcing Strips,14.952,1,0.2,5.0463
5179,US-2015-120502,4/13/2015,4/19/2015,Standard Class,BT-11395,Bill Tyler,Corporate,United States,Los Angeles,California,90036,West,FUR-FU-10004973,"{'MainCategory': 'Furniture', 'SubCategory': 'Furnishings'}",Flat Face Poster Frame,37.68,2,0,15.8256
873,CA-2014-148488,12/10/2014,12/15/2014,Standard Class,SM-20005,Sally Matthias,Consumer,United States,New York City,New York,10009,East,OFF-PA-10004470,"{'MainCategory': 'Office Supplies', 'SubCategory': 'Paper'}","Adams Write n' Stick Phone Message Book, 11"" X 5 1/4"", 200 Messages",11.36,2,0,5.2256
1438,CA-2015-139731,10/15/2015,10/15/2015,Same Day,JE-15745,Joel Eaton,Consumer,United States,Amarillo,Texas,79109,Central,TEC-AC-10004975,"{'MainCategory': 'Technology', 'SubCategory': 'Accessories'}",Plantronics Audio 995 Wireless Stereo Headset,263.88,3,0.2,42.8805
5005,CA-2014-156006,4/30/2014,5/2/2014,Second Class,TM-21010,Tamara Manning,Consumer,United States,Jackson,Mississippi,39212,South,TEC-AC-10002550,"{'MainCategory': 'Technology', 'SubCategory': 'Accessories'}",Maxell 4.7GB DVD-RW 3/Pack,47.79,3,0,16.2486
4283,CA-2014-103100,12/20/2014,12/23/2014,First Class,AB-10105,Adrian Barton,Consumer,United States,Indianapolis,Indiana,46203,Central,OFF-LA-10003720,"{'MainCategory': 'Office Supplies', 'SubCategory': 'Labels'}",Avery 487,3.69,1,0,1.7343
841,CA-2015-100454,11/20/2015,11/25/2015,Standard Class,BM-11650,Brian Moss,Corporate,United States,New York City,New York,10035,East,OFF-AR-10002578,"{'MainCategory': 'Office Supplies', 'SubCategory': 'Art'}",Newell 335,11.52,4,0,3.3408
2520,CA-2016-124352,10/15/2016,10/21/2016,Standard Class,CD-12790,Cynthia Delaney,Home Office,United States,Oklahoma City,Oklahoma,73120,Central,OFF-LA-10003223,"{'MainCategory': 'Office Supplies', 'SubCategory': 'Labels'}",Avery 508,29.46,6,0,14.4354
6832,US-2017-123204,7/21/2017,7/27/2017,Standard Class,CS-11860,Cari Schnelling,Consumer,United States,New York City,New York,10024,East,OFF-AP-10002287,"{'MainCategory': 'Office Supplies', 'SubCategory': 'Appliances'}","Eureka Sanitaire  Multi-Pro Heavy-Duty Upright, Disposable Bags",17.48,4,0,4.5448
259,CA-2017-163139,12/1/2017,12/3/2017,Second Class,CC-12670,Craig Carreira,Consumer,United States,New York City,New York,10009,East,TEC-AC-10000290,"{'MainCategory': 'Technology', 'SubCategory': 'Accessories'}",Sabrent 4-Port USB 2.0 Hub,20.37,3,0,6.9258
7576,CA-2015-129532,12/8/2015,12/12/2015,Standard Class,YS-21880,Yana Sorensen,Corporate,United States,Los Angeles,California,90036,West,TEC-AC-10000865,"{'MainCategory': 'Technology', 'SubCategory': 'Accessories'}",WD My Passport Ultra 500GB Portable External Hard Drive,236,4,0,40.12
9194,CA-2015-141810,11/2/2015,11/7/2015,Standard Class,BB-10990,Barry Blumstein,Corporate,United States,San Antonio,Texas,78207,Central,TEC-PH-10002200,"{'MainCategory': 'Technology', 'SubCategory': 'Phones'}",Aastra 6757i CT Wireless VoIP phone,344.704,2,0.2,38.7792
5819,CA-2014-124730,11/26/2014,11/26/2014,Same Day,LS-17245,Lynn Smith,Consumer,United States,Utica,New York,13501,East,OFF-LA-10001158,"{'MainCategory': 'Office Supplies', 'SubCategory': 'Labels'}","Avery Address/Shipping Labels for Typewriters, 4"" x 2""",93.15,9,0,44.712
901,CA-2017-150959,11/11/2017,11/13/2017,First Class,TD-20995,Tamara Dahlen,Consumer,United States,Garland,Texas,75043,Central,OFF-LA-10001045,"{'MainCategory': 'Office Supplies', 'SubCategory': 'Labels'}",Permanent Self-Adhesive File Folder Labels for Typewriters by Universal,10.44,5,0.2,3.393
4858,CA-2015-137526,1/13/2015,1/17/2015,Standard Class,PB-19150,Philip Brown,Consumer,United States,Los Angeles,California,90004,West,FUR-FU-10001861,"{'MainCategory': 'Furniture', 'SubCategory': 'Furnishings'}","Floodlight Indoor Halogen Bulbs, 1 Bulb per Pack, 60 Watts",77.6,4,0,38.024
9424,CA-2014-145254,7/23/2014,7/27/2014,Standard Class,NC-18535,Nick Crebassa,Corporate,United States,San Francisco,California,94122,West,TEC-PH-10004531,"{'MainCategory': 'Technology', 'SubCategory': 'Phones'}",AT&T CL2909,302.376,3,0.2,37.797
6756,CA-2017-124205,9/15/2017,9/19/2017,Standard Class,TC-21145,Theresa Coyne,Corporate,United States,Lakewood,New Jersey,8701,East,FUR-FU-10002445,"{'MainCategory': 'Furniture', 'SubCategory': 'Furnishings'}","DAX Two-Tone Rosewood/Black Document Frame, Desktop, 5 x 7",47.4,5,0,18.96
5745,US-2017-147886,3/28/2017,3/31/2017,First Class,DH-13075,Dave Hallsten,Corporate,United States,Fairfield,California,94533,West,OFF-ST-10002743,"{'MainCategory': 'Office Supplies', 'SubCategory': 'Storage'}",SAFCO Boltless Steel Shelving,795.48,7,0,7.9548
246,CA-2014-131926,6/1/2014,6/6/2014,Second Class,DW-13480,Dianna Wilson,Home Office,United States,Lakeville,Minnesota,55044,Central,OFF-ST-10002276,"{'MainCategory': 'Office Supplies', 'SubCategory': 'Storage'}",Safco Steel Mobile File Cart,166.72,2,0,41.68
7703,CA-2016-114601,8/26/2016,9/2/2016,Standard Class,AA-10480,Andrew Allen,Consumer,United States,Detroit,Michigan,48234,Central,OFF-PA-10000605,"{'MainCategory': 'Office Supplies', 'SubCategory': 'Paper'}",Xerox 1950,11.56,2,0,5.6644
3684,CA-2015-132626,7/9/2015,7/14/2015,Standard Class,BT-11680,Brian Thompson,Consumer,United States,Clinton,Maryland,20735,East,OFF-BI-10004001,"{'MainCategory': 'Office Supplies', 'SubCategory': 'Binders'}",GBC Recycled VeloBinder Covers,153.36,9,0,70.5456
8564,US-2017-108315,4/30/2017,5/4/2017,Standard Class,MH-18115,Mick Hernandez,Home Office,United States,Sanford,Florida,32771,South,OFF-BI-10000822,"{'MainCategory': 'Office Supplies', 'SubCategory': 'Binders'}","Acco PRESSTEX Data Binder with Storage Hooks, Light Blue, 9 1/2"" X 11""",4.842,3,0.7,-3.5508
8793,CA-2014-162992,12/19/2014,12/21/2014,First Class,BP-11095,Bart Pistole,Corporate,United States,Los Angeles,California,90008,West,OFF-LA-10001934,"{'MainCategory': 'Office Supplies', 'SubCategory': 'Labels'}",Avery 516,14.62,2,0,6.8714
8996,CA-2014-109043,8/15/2014,8/17/2014,First Class,CS-12355,Christine Sundaresam,Consumer,United States,Hollywood,Florida,33021,South,OFF-AP-10004708,"{'MainCategory': 'Office Supplies', 'SubCategory': 'Appliances'}",Fellowes Superior 10 Outlet Split Surge Protector,152.24,5,0.2,17.127
6598,CA-2014-169257,6/6/2014,6/12/2014,Standard Class,SV-20785,Stewart Visinsky,Consumer,United States,Jacksonville,Florida,32216,South,OFF-BI-10002557,"{'MainCategory': 'Office Supplies', 'SubCategory': 'Binders'}",Presstex Flexible Ring Binders,1.365,1,0.7,-0.91
3302,US-2014-159926,11/18/2014,11/22/2014,Standard Class,CS-11950,Carlos Soltero,Consumer,United States,Philadelphia,Pennsylvania,19140,East,TEC-PH-10001128,"{'MainCategory': 'Technology', 'SubCategory': 'Phones'}",Motorola Droid Maxx,539.964,6,0.4,-107.9928
3628,CA-2017-113530,5/19/2017,5/21/2017,Second Class,BC-11125,Becky Castell,Home Office,United States,San Francisco,California,94109,West,TEC-AC-10001465,"{'MainCategory': 'Technology', 'SubCategory': 'Accessories'}",SanDisk Cruzer 64 GB USB Flash Drive,36.32,1,0,10.896
481,CA-2016-100790,6/26/2016,7/2/2016,Standard Class,JG-15805,John Grady,Corporate,United States,New York City,New York,10024,East,OFF-ST-10000689,"{'MainCategory': 'Office Supplies', 'SubCategory': 'Storage'}","Fellowes Strictly Business Drawer File, Letter/Legal Size",704.25,5,0,84.51
6444,CA-2016-101161,10/13/2016,10/20/2016,Standard Class,BW-11110,Bart Watters,Corporate,United States,New York City,New York,10024,East,OFF-LA-10000407,"{'MainCategory': 'Office Supplies', 'SubCategory': 'Labels'}",Avery White Multi-Purpose Labels,24.9,5,0,11.454
6315,CA-2014-100762,11/24/2014,11/29/2014,Standard Class,NG-18355,Nat Gilpin,Corporate,United States,Jackson,Michigan,49201,Central,OFF-AR-10000380,"{'MainCategory': 'Office Supplies', 'SubCategory': 'Art'}","Hunt PowerHouse Electric Pencil Sharpener, Blue",151.92,4,0,45.576
7447,CA-2017-127474,2/3/2017,2/7/2017,Second Class,RD-19810,Ross DeVincentis,Home Office,United States,Chicago,Illinois,60610,Central,FUR-FU-10004597,"{'MainCategory': 'Furniture', 'SubCategory': 'Furnishings'}",Eldon Cleatmat Chair Mats for Medium Pile Carpets,22.2,1,0.6,-26.085
5865,US-2014-117968,8/5/2014,8/7/2014,Second Class,RS-19420,Ricardo Sperren,Corporate,United States,Meriden,Connecticut,6450,East,OFF-AP-10002765,"{'MainCategory': 'Office Supplies', 'SubCategory': 'Appliances'}",Fellowes Advanced Computer Series Surge Protectors,79.47,3,0,22.2516
7094,CA-2015-119480,1/9/2015,1/13/2015,Standard Class,CC-12685,Craig Carroll,Consumer,United States,Henderson,Kentucky,42420,South,OFF-PA-10004996,"{'MainCategory': 'Office Supplies', 'SubCategory': 'Paper'}","Speediset Carbonless Redi-Letter 7"" x 8 1/2""",51.55,5,0,24.2285
1730,CA-2016-106894,2/7/2016,2/7/2016,Same Day,CA-12265,Christina Anderson,Consumer,United States,Springfield,Virginia,22153,South,OFF-LA-10001045,"{'MainCategory': 'Office Supplies', 'SubCategory': 'Labels'}",Permanent Self-Adhesive File Folder Labels for Typewriters by Universal,7.83,3,0,3.6018
8662,CA-2015-131856,5/12/2015,5/17/2015,Standard Class,JG-15160,James Galang,Consumer,United States,Houston,Texas,77041,Central,FUR-FU-10000175,"{'MainCategory': 'Furniture', 'SubCategory': 'Furnishings'}",DAX Wood Document Frame.,21.968,4,0.6,-15.9268
1091,CA-2017-158407,6/4/2017,6/10/2017,Standard Class,LW-16990,Lindsay Williams,Corporate,United States,Monroe,North Carolina,28110,South,TEC-PH-10001819,"{'MainCategory': 'Technology', 'SubCategory': 'Phones'}",Innergie mMini Combo Duo USB Travel Charging Kit,71.984,2,0.2,25.1944
1488,CA-2015-140410,11/3/2015,11/7/2015,Standard Class,CM-12655,Corinna Mitchell,Home Office,United States,Los Angeles,California,90008,West,TEC-AC-10001109,"{'MainCategory': 'Technology', 'SubCategory': 'Accessories'}",Logitech Trackman Marble Mouse,89.97,3,0,37.7874
1933,CA-2017-161200,8/6/2017,8/10/2017,Second Class,SV-20365,Seth Vernon,Consumer,United States,Lafayette,Louisiana,70506,South,FUR-BO-10000468,"{'MainCategory': 'Furniture', 'SubCategory': 'Bookcases'}",O'Sullivan 2-Shelf Heavy-Duty Bookcases,145.74,3,0,23.3184
5097,US-2014-140452,12/6/2014,12/10/2014,Standard Class,BK-11260,Berenike Kampe,Consumer,United States,Chicago,Illinois,60610,Central,FUR-FU-10002088,"{'MainCategory': 'Furniture', 'SubCategory': 'Furnishings'}",Nu-Dell Float Frame 11 x 14 1/2,10.776,3,0.6,-4.8492
9875,CA-2016-166653,9/22/2016,9/24/2016,Second Class,NP-18685,Nora Pelletier,Home Office,United States,Parma,Ohio,44134,East,OFF-EN-10003055,"{'MainCategory': 'Office Supplies', 'SubCategory': 'Envelopes'}","Blue String-Tie & Button Interoffice Envelopes, 10 x 13",63.968,2,0.2,19.99
7778,CA-2014-166961,12/27/2014,12/31/2014,Standard Class,CD-12790,Cynthia Delaney,Home Office,United States,Moreno Valley,California,92553,West,OFF-ST-10004507,"{'MainCategory': 'Office Supplies', 'SubCategory': 'Storage'}",Advantus Rolling Storage Box,51.45,3,0,13.8915
4551,US-2017-107636,4/30/2017,5/2/2017,First Class,NM-18520,Neoma Murray,Consumer,United States,Manchester,Connecticut,6040,East,OFF-LA-10003388,"{'MainCategory': 'Office Supplies', 'SubCategory': 'Labels'}",Avery 5,5.76,2,0,2.8224
5019,CA-2014-127558,11/15/2014,11/18/2014,First Class,SS-20410,Shahid Shariari,Consumer,United States,Los Angeles,California,90008,West,TEC-AC-10003832,"{'MainCategory': 'Technology', 'SubCategory': 'Accessories'}",Logitech¬†P710e Mobile Speakerphone,772.47,3,0,146.7693
3113,CA-2016-150350,8/23/2016,8/30/2016,Standard Class,MS-17770,Maxwell Schwartz,Consumer,United States,Seattle,Washington,98105,West,TEC-MA-10001972,"{'MainCategory': 'Technology', 'SubCategory': 'Machines'}",Okidata C331dn Printer,837.6,3,0.2,62.82
2532,CA-2014-111500,8/17/2014,8/21/2014,Standard Class,DJ-13510,Don Jones,Corporate,United States,Little Rock,Arkansas,72209,South,OFF-BI-10000829,"{'MainCategory': 'Office Supplies', 'SubCategory': 'Binders'}",Avery Non-Stick Binders,17.96,4,0,8.2616
5260,CA-2017-158722,10/20/2017,10/26/2017,Standard Class,MA-17560,Matt Abelman,Home Office,United States,Philadelphia,Pennsylvania,19120,East,OFF-PA-10000176,"{'MainCategory': 'Office Supplies', 'SubCategory': 'Paper'}",Xerox 1887,45.528,3,0.2,15.9348
8765,CA-2015-107083,11/21/2015,11/27/2015,Standard Class,BB-11545,Brenda Bowman,Corporate,United States,Fort Worth,Texas,76106,Central,OFF-AR-10002257,"{'MainCategory': 'Office Supplies', 'SubCategory': 'Art'}","Eldon Spacemaker Box, Quick-Snap Lid, Clear",5.344,2,0.2,0.7348
2115,CA-2015-164882,10/31/2015,10/31/2015,Same Day,SG-20080,Sandra Glassco,Consumer,United States,Redlands,California,92374,West,OFF-ST-10003638,"{'MainCategory': 'Office Supplies', 'SubCategory': 'Storage'}",Mobile Personal File Cube,46.84,2,0,12.6468
8459,CA-2014-126200,8/25/2014,8/29/2014,Standard Class,JE-15715,Joe Elijah,Consumer,United States,Houston,Texas,77070,Central,OFF-BI-10002133,"{'MainCategory': 'Office Supplies', 'SubCategory': 'Binders'}","Wilson Jones Elliptical Ring 3 1/2"" Capacity Binders, 800 sheets",25.68,3,0.8,-39.804
6938,CA-2014-126963,6/15/2014,6/15/2014,Same Day,PS-18760,Pamela Stobb,Consumer,United States,El Paso,Texas,79907,Central,OFF-PA-10001952,"{'MainCategory': 'Office Supplies', 'SubCategory': 'Paper'}",Xerox 1902,36.544,2,0.2,11.8768
6767,CA-2017-100615,4/20/2017,4/24/2017,Standard Class,SJ-20215,Sarah Jordon,Consumer,United States,Chicago,Illinois,60653,Central,OFF-AR-10001683,"{'MainCategory': 'Office Supplies', 'SubCategory': 'Art'}",Lumber Crayons,15.76,2,0.2,3.546
4986,CA-2014-125171,9/3/2014,9/3/2014,Same Day,AG-10390,Allen Goldenen,Consumer,United States,New York City,New York,10009,East,OFF-LA-10001175,"{'MainCategory': 'Office Supplies', 'SubCategory': 'Labels'}",Avery 514,14.4,5,0,7.056
8283,CA-2015-154284,12/21/2015,12/26/2015,Second Class,SZ-20035,Sam Zeldin,Home Office,United States,Saint Charles,Illinois,60174,Central,TEC-MA-10004241,"{'MainCategory': 'Technology', 'SubCategory': 'Machines'}",Star Micronics TSP800 TSP847IIU Receipt Printer,600.53,2,0.3,137.264
2191,CA-2016-118913,6/25/2016,6/29/2016,Standard Class,AS-10240,Alan Shonely,Consumer,United States,Los Angeles,California,90049,West,OFF-AP-10000692,"{'MainCategory': 'Office Supplies', 'SubCategory': 'Appliances'}",Fellowes Mighty 8 Compact Surge Protector,60.81,3,0,17.0268
5320,US-2017-162558,10/2/2017,10/5/2017,First Class,Dp-13240,Dean percer,Home Office,United States,Knoxville,Tennessee,37918,South,OFF-BI-10000977,"{'MainCategory': 'Office Supplies', 'SubCategory': 'Binders'}",Ibico Plastic Spiral Binding Combs,27.36,3,0.7,-21.888
9841,US-2016-125402,9/25/2016,10/1/2016,Standard Class,DL-12865,Dan Lawera,Consumer,United States,Long Beach,California,90805,West,TEC-PH-10003356,"{'MainCategory': 'Technology', 'SubCategory': 'Phones'}","SmartStand Mobile Device Holder, Assorted Colors",44.736,8,0.2,4.4736
9365,CA-2017-111591,3/21/2017,3/25/2017,Standard Class,PS-18970,Paul Stevenson,Home Office,United States,Seattle,Washington,98105,West,OFF-ST-10001809,"{'MainCategory': 'Office Supplies', 'SubCategory': 'Storage'}",Fellowes Officeware Wire Shelving,359.32,4,0,7.1864
7046,CA-2016-160136,11/3/2016,11/9/2016,Standard Class,PJ-18835,Patrick Jones,Corporate,United States,Dallas,Texas,75217,Central,OFF-PA-10002160,"{'MainCategory': 'Office Supplies', 'SubCategory': 'Paper'}",Xerox 1978,9.248,2,0.2,3.3524
4738,CA-2015-155054,6/13/2015,6/19/2015,Standard Class,PS-19045,Penelope Sewall,Home Office,United States,Lewiston,Maine,4240,East,TEC-AC-10003657,"{'MainCategory': 'Technology', 'SubCategory': 'Accessories'}",Lenovo 17-Key USB Numeric Keypad,67.98,2,0,14.9556
9936,CA-2016-114405,4/7/2016,4/12/2016,Standard Class,AS-10240,Alan Shonely,Consumer,United States,Philadelphia,Pennsylvania,19120,East,OFF-ST-10001627,"{'MainCategory': 'Office Supplies', 'SubCategory': 'Storage'}",Eldon Jumbo ProFile Portable File Boxes Graphite/Black,36.744,3,0.2,3.6744
7901,CA-2017-128363,8/13/2017,8/18/2017,Standard Class,DC-12850,Dan Campbell,Consumer,United States,Memphis,Tennessee,38109,South,TEC-AC-10003709,"{'MainCategory': 'Technology', 'SubCategory': 'Accessories'}",Maxell 4.7GB DVD-R 5/Pack,1.584,2,0.2,0.4752
8956,CA-2014-126480,9/20/2014,9/24/2014,Standard Class,HG-14965,Henry Goldwyn,Corporate,United States,San Diego,California,92024,West,OFF-PA-10004610,"{'MainCategory': 'Office Supplies', 'SubCategory': 'Paper'}",Xerox 1900,8.56,2,0,3.852
4711,CA-2017-138149,6/29/2017,6/30/2017,First Class,WB-21850,William Brown,Consumer,United States,Los Angeles,California,90049,West,TEC-AC-10001284,"{'MainCategory': 'Technology', 'SubCategory': 'Accessories'}",Enermax Briskie RF Wireless Keyboard and Mouse Combo,62.31,3,0,22.4316
7736,US-2016-106313,8/22/2016,8/26/2016,Standard Class,DG-13300,Deirdre Greer,Corporate,United States,Seattle,Washington,98105,West,OFF-PA-10001870,"{'MainCategory': 'Office Supplies', 'SubCategory': 'Paper'}",Xerox 202,19.44,3,0,9.3312
4790,CA-2015-104346,12/11/2015,12/16/2015,Standard Class,IM-15070,Irene Maddox,Consumer,United States,Colorado Springs,Colorado,80906,West,FUR-FU-10001473,"{'MainCategory': 'Furniture', 'SubCategory': 'Furnishings'}",DAX Wood Document Frame,54.92,5,0.2,10.984
4317,CA-2015-115945,6/25/2015,7/1/2015,Standard Class,AB-10165,Alan Barnes,Consumer,United States,Los Angeles,California,90045,West,OFF-ST-10001963,"{'MainCategory': 'Office Supplies', 'SubCategory': 'Storage'}",Tennsco Regal Shelving Units,304.23,3,0,9.1269
5896,CA-2014-168305,11/1/2014,11/8/2014,Standard Class,PL-18925,Paul Lucas,Home Office,United States,Los Angeles,California,90049,West,OFF-LA-10003498,"{'MainCategory': 'Office Supplies', 'SubCategory': 'Labels'}",Avery 475,44.4,3,0,22.2
3316,CA-2017-169978,12/24/2017,12/28/2017,Standard Class,HG-15025,Hunter Glantz,Consumer,United States,Oceanside,New York,11572,East,OFF-BI-10001900,"{'MainCategory': 'Office Supplies', 'SubCategory': 'Binders'}","DXL Angle-View Binders with Locking Rings, Black",14.376,3,0.2,4.8519
4926,CA-2017-126438,9/10/2017,9/13/2017,First Class,AR-10345,Alex Russell,Corporate,United States,Lawrence,Massachusetts,1841,East,OFF-AR-10003338,"{'MainCategory': 'Office Supplies', 'SubCategory': 'Art'}","Eberhard Faber 3 1/2"" Golf Pencils",14.88,2,0,3.72
5241,CA-2016-116561,9/11/2016,9/17/2016,Standard Class,EB-14110,Eugene Barchas,Consumer,United States,San Jose,California,95123,West,OFF-BI-10001658,"{'MainCategory': 'Office Supplies', 'SubCategory': 'Binders'}",GBC Standard Therm-A-Bind Covers,39.872,2,0.2,12.9584
8721,CA-2016-120824,6/12/2016,6/16/2016,Second Class,AW-10930,Arthur Wiediger,Home Office,United States,Houston,Texas,77070,Central,FUR-CH-10000229,"{'MainCategory': 'Furniture', 'SubCategory': 'Chairs'}",Global Enterprise Series Seating High-Back Swivel/Tilt Chairs,379.372,2,0.3,-119.2312
6480,CA-2017-140872,6/3/2017,6/10/2017,Standard Class,NR-18550,Nick Radford,Consumer,United States,Pembroke Pines,Florida,33024,South,TEC-PH-10000441,"{'MainCategory': 'Technology', 'SubCategory': 'Phones'}",VTech DS6151,503.96,5,0.2,50.396
1791,CA-2014-102008,9/30/2014,10/4/2014,Standard Class,RA-19915,Russell Applegate,Consumer,United States,New York City,New York,10011,East,OFF-PA-10004092,"{'MainCategory': 'Office Supplies', 'SubCategory': 'Paper'}",Tops Green Bar Computer Printout Paper,48.94,1,0,24.47
9105,CA-2015-163181,11/7/2015,11/12/2015,Standard Class,AB-10105,Adrian Barton,Consumer,United States,Houston,Texas,77041,Central,OFF-BI-10000474,"{'MainCategory': 'Office Supplies', 'SubCategory': 'Binders'}",Avery Recycled Flexi-View Covers for Binding Systems,32.06,10,0.8,-51.296
3330,CA-2014-165309,11/11/2014,11/15/2014,Standard Class,KD-16270,Karen Daniels,Consumer,United States,Houston,Texas,77095,Central,TEC-PH-10003505,"{'MainCategory': 'Technology', 'SubCategory': 'Phones'}",Geemarc AmpliPOWER60,148.48,2,0.2,16.704
2501,CA-2017-131618,6/17/2017,6/20/2017,First Class,LS-17200,Luke Schmidt,Corporate,United States,Skokie,Illinois,60076,Central,OFF-PA-10001892,"{'MainCategory': 'Office Supplies', 'SubCategory': 'Paper'}","Rediform Wirebound ""Phone Memo"" Message Book, 11 x 5-3/4",12.224,2,0.2,4.4312
5238,CA-2014-166744,9/20/2014,9/24/2014,Standard Class,DN-13690,Duane Noonan,Consumer,United States,Columbia,Maryland,21044,East,FUR-BO-10001337,"{'MainCategory': 'Furniture', 'SubCategory': 'Bookcases'}",O'Sullivan Living Dimensions 2-Shelf Bookcases,362.94,3,0,36.294
126,US-2014-134614,9/20/2014,9/25/2014,Standard Class,PF-19165,Philip Fox,Consumer,United States,Bloomington,Illinois,61701,Central,FUR-TA-10004534,"{'MainCategory': 'Furniture', 'SubCategory': 'Tables'}",Bevis 44 x 96 Conference Tables,617.7,6,0.5,-407.682
579,CA-2017-118640,7/20/2017,7/26/2017,Standard Class,CS-11950,Carlos Soltero,Consumer,United States,Chicago,Illinois,60610,Central,OFF-ST-10002974,"{'MainCategory': 'Office Supplies', 'SubCategory': 'Storage'}","Trav-L-File Heavy-Duty Shuttle II, Black",69.712,2,0.2,8.714
2860,CA-2017-138975,5/19/2017,5/23/2017,Standard Class,SC-20380,Shahid Collister,Consumer,United States,Atlanta,Georgia,30318,South,TEC-PH-10004389,"{'MainCategory': 'Technology', 'SubCategory': 'Phones'}",Nokia Lumia 925,377.97,3,0,98.2722
7301,CA-2014-163468,11/18/2014,11/21/2014,First Class,JK-15730,Joe Kamberova,Consumer,United States,Des Plaines,Illinois,60016,Central,FUR-BO-10003546,"{'MainCategory': 'Furniture', 'SubCategory': 'Bookcases'}",Hon 4-Shelf Metal Bookcases,424.116,6,0.3,-30.294
1240,CA-2014-127012,8/11/2014,8/15/2014,Standard Class,GM-14680,Greg Matthias,Consumer,United States,Seattle,Washington,98105,West,OFF-AR-10003903,"{'MainCategory': 'Office Supplies', 'SubCategory': 'Art'}",Sanford 52201 APSCO Electric Pencil Sharpener,40.97,1,0,10.6522
7735,CA-2017-134418,9/15/2017,9/20/2017,Standard Class,GM-14500,Gene McClure,Consumer,United States,Seattle,Washington,98103,West,OFF-AR-10004441,"{'MainCategory': 'Office Supplies', 'SubCategory': 'Art'}",BIC Brite Liner Highlighters,12.42,3,0,5.2164
6653,US-2017-124779,9/8/2017,9/11/2017,First Class,BF-11020,Barry Franz√∂sisch,Corporate,United States,Arlington,Texas,76017,Central,OFF-PA-10000061,"{'MainCategory': 'Office Supplies', 'SubCategory': 'Paper'}",Xerox 205,20.736,4,0.2,7.2576
7258,CA-2016-152730,5/30/2016,6/4/2016,Standard Class,EM-14140,Eugene Moren,Home Office,United States,Superior,Wisconsin,54880,Central,OFF-PA-10000994,"{'MainCategory': 'Office Supplies', 'SubCategory': 'Paper'}",Xerox 1915,629.1,6,0,301.968
8055,CA-2015-121188,8/28/2015,9/4/2015,Standard Class,CB-12025,Cassandra Brandow,Consumer,United States,Los Angeles,California,90049,West,OFF-ST-10001490,"{'MainCategory': 'Office Supplies', 'SubCategory': 'Storage'}","Hot File 7-Pocket, Floor Stand",892.35,5,0,267.705
5971,CA-2014-141726,7/20/2014,7/22/2014,First Class,CC-12145,Charles Crestani,Consumer,United States,San Diego,California,92105,West,OFF-PA-10002230,"{'MainCategory': 'Office Supplies', 'SubCategory': 'Paper'}",Xerox 1897,19.92,4,0,9.7608
8954,CA-2017-150910,12/22/2017,12/28/2017,Standard Class,JL-15130,Jack Lebron,Consumer,United States,Jackson,Tennessee,38301,South,OFF-AP-10003266,"{'MainCategory': 'Office Supplies', 'SubCategory': 'Appliances'}","Holmes Replacement Filter for HEPA Air Cleaner, Large Room",59.24,5,0.2,16.291
5239,CA-2014-166744,9/20/2014,9/24/2014,Standard Class,DN-13690,Duane Noonan,Consumer,United States,Columbia,Maryland,21044,East,TEC-AC-10003628,"{'MainCategory': 'Technology', 'SubCategory': 'Accessories'}",Logitech 910-002974 M325 Wireless Mouse for Web Scrolling,59.98,2,0,26.3912
4074,US-2015-164308,9/24/2015,9/27/2015,First Class,SC-20680,Steve Carroll,Home Office,United States,Broken Arrow,Oklahoma,74012,Central,TEC-PH-10004120,"{'MainCategory': 'Technology', 'SubCategory': 'Phones'}",AT&T 1080 Phone,821.94,6,0,213.7044
5316,CA-2016-154060,5/2/2016,5/8/2016,Standard Class,DL-12865,Dan Lawera,Consumer,United States,Greensboro,North Carolina,27405,South,FUR-CH-10002304,"{'MainCategory': 'Furniture', 'SubCategory': 'Chairs'}","Global Stack Chair without Arms, Black",187.056,9,0.2,11.691
9312,CA-2017-148642,3/6/2017,3/12/2017,Standard Class,DW-13540,Don Weiss,Consumer,United States,Dallas,Texas,75220,Central,OFF-LA-10000134,"{'MainCategory': 'Office Supplies', 'SubCategory': 'Labels'}",Avery 511,4.928,2,0.2,1.7248
9399,CA-2014-125997,9/20/2014,9/23/2014,First Class,MW-18220,Mitch Webber,Consumer,United States,New York City,New York,10011,East,TEC-PH-10003072,"{'MainCategory': 'Technology', 'SubCategory': 'Phones'}",Panasonic KX-TG9541B DECT 6.0 Digital 2-Line Expandable Cordless Phone With Digital Answering System,1349.91,9,0,661.4559
9117,CA-2017-153045,1/19/2017,1/24/2017,Second Class,NS-18505,Neola Schneider,Consumer,United States,Philadelphia,Pennsylvania,19140,East,FUR-FU-10002759,"{'MainCategory': 'Furniture', 'SubCategory': 'Furnishings'}",12-1/2 Diameter Round Wall Clock,31.968,2,0.2,6.3936
6319,CA-2017-161459,11/25/2017,11/29/2017,Second Class,EB-13750,Edward Becker,Corporate,United States,Laguna Niguel,California,92677,West,TEC-PH-10004071,"{'MainCategory': 'Technology', 'SubCategory': 'Phones'}",PayAnywhere Card Reader,39.96,5,0.2,3.4965
1613,CA-2014-156349,5/26/2014,5/30/2014,Standard Class,ML-17395,Marina Lichtenstein,Corporate,United States,Los Angeles,California,90008,West,TEC-PH-10002726,"{'MainCategory': 'Technology', 'SubCategory': 'Phones'}",netTALK DUO VoIP Telephone Service,83.984,2,0.2,31.494
4565,CA-2014-101175,12/9/2014,12/14/2014,Standard Class,DM-12955,Dario Medina,Corporate,United States,Mesa,Arizona,85204,West,OFF-ST-10004950,"{'MainCategory': 'Office Supplies', 'SubCategory': 'Storage'}",Acco Perma 3000 Stacking Storage Drawers,100.704,6,0.2,-1.2588
1513,CA-2017-112809,8/18/2017,8/22/2017,Standard Class,RA-19915,Russell Applegate,Consumer,United States,Dallas,Texas,75220,Central,OFF-ST-10002276,"{'MainCategory': 'Office Supplies', 'SubCategory': 'Storage'}",Safco Steel Mobile File Cart,200.064,3,0.2,12.504
371,CA-2017-104745,5/29/2017,6/4/2017,Standard Class,GT-14755,Guy Thornton,Consumer,United States,Harlingen,Texas,78550,Central,OFF-PA-10002036,"{'MainCategory': 'Office Supplies', 'SubCategory': 'Paper'}",Xerox 1930,25.92,5,0.2,9.396
3117,CA-2016-150350,8/23/2016,8/30/2016,Standard Class,MS-17770,Maxwell Schwartz,Consumer,United States,Seattle,Washington,98105,West,OFF-AP-10001492,"{'MainCategory': 'Office Supplies', 'SubCategory': 'Appliances'}","Acco Six-Outlet Power Strip, 4' Cord Length",43.1,5,0,11.206
3688,CA-2016-108567,5/20/2016,5/24/2016,Standard Class,DB-13210,Dean Braden,Consumer,United States,Port Saint Lucie,Florida,34952,South,OFF-BI-10004140,"{'MainCategory': 'Office Supplies', 'SubCategory': 'Binders'}",Avery Non-Stick Binders,2.694,2,0.7,-2.245
3272,CA-2015-155145,12/27/2015,12/29/2015,Second Class,KN-16450,Kean Nguyen,Corporate,United States,Visalia,California,93277,West,TEC-AC-10003709,"{'MainCategory': 'Technology', 'SubCategory': 'Accessories'}",Maxell 4.7GB DVD-R 5/Pack,7.92,8,0,3.4848
443,CA-2016-115756,9/5/2016,9/7/2016,Second Class,PK-19075,Pete Kriz,Consumer,United States,Detroit,Michigan,48227,Central,OFF-ST-10003058,"{'MainCategory': 'Office Supplies', 'SubCategory': 'Storage'}",Eldon Mobile Mega Data Cart  Mega Stackable  Add-On Trays,70.95,3,0,20.5755
9972,CA-2015-103772,6/28/2015,7/2/2015,Standard Class,MP-17470,Mark Packer,Home Office,United States,Smyrna,Georgia,30080,South,OFF-AR-10000538,"{'MainCategory': 'Office Supplies', 'SubCategory': 'Art'}","Boston Model 1800 Electric Pencil Sharpener, Gray",140.75,5,0,42.225
8288,CA-2014-156244,8/12/2014,8/16/2014,Standard Class,DH-13675,Duane Huffman,Home Office,United States,Miami,Florida,33180,South,OFF-AR-10004344,"{'MainCategory': 'Office Supplies', 'SubCategory': 'Art'}",Bulldog Vacuum Base Pencil Sharpener,47.96,5,0.2,4.1965
7303,CA-2014-163468,11/18/2014,11/21/2014,First Class,JK-15730,Joe Kamberova,Consumer,United States,Des Plaines,Illinois,60016,Central,OFF-ST-10000025,"{'MainCategory': 'Office Supplies', 'SubCategory': 'Storage'}",Fellowes Stor/Drawer Steel Plus Storage Drawers,381.72,5,0.2,-66.801
5229,US-2014-147648,11/26/2014,12/1/2014,Standard Class,LS-16975,Lindsay Shagiari,Home Office,United States,San Francisco,California,94109,West,OFF-PA-10001033,"{'MainCategory': 'Office Supplies', 'SubCategory': 'Paper'}",Xerox 1893,81.98,2,0,40.1702
4130,CA-2015-121272,3/29/2015,4/4/2015,Standard Class,DO-13435,Denny Ordway,Consumer,United States,Seattle,Washington,98103,West,OFF-AP-10001947,"{'MainCategory': 'Office Supplies', 'SubCategory': 'Appliances'}",Acco 6 Outlet Guardian Premium Plus Surge Suppressor,73.28,4,0,21.2512
4667,CA-2016-116547,1/10/2016,1/17/2016,Standard Class,KB-16585,Ken Black,Corporate,United States,Seattle,Washington,98115,West,FUR-FU-10000076,"{'MainCategory': 'Furniture', 'SubCategory': 'Furnishings'}",24-Hour Round Wall Clock,79.92,4,0,34.3656
9239,CA-2017-138156,2/11/2017,2/14/2017,First Class,MM-17260,Magdelene Morse,Consumer,United States,Columbus,Ohio,43229,East,FUR-FU-10003601,"{'MainCategory': 'Furniture', 'SubCategory': 'Furnishings'}","Deflect-o RollaMat Studded, Beveled Mat for Medium Pile Carpeting",147.568,2,0.2,-3.6892
6482,CA-2017-140872,6/3/2017,6/10/2017,Standard Class,NR-18550,Nick Radford,Consumer,United States,Pembroke Pines,Florida,33024,South,FUR-BO-10002824,"{'MainCategory': 'Furniture', 'SubCategory': 'Bookcases'}",Bush Mission Pointe Library,241.568,2,0.2,0
5925,CA-2017-146458,11/19/2017,11/22/2017,Second Class,RB-19435,Richard Bierner,Consumer,United States,Springfield,Virginia,22153,South,OFF-AR-10001177,"{'MainCategory': 'Office Supplies', 'SubCategory': 'Art'}",Newell 349,22.96,7,0,6.6584
1995,CA-2017-133648,6/25/2017,7/2/2017,Standard Class,ML-17755,Max Ludwig,Home Office,United States,Springfield,Oregon,97477,West,OFF-FA-10004395,"{'MainCategory': 'Office Supplies', 'SubCategory': 'Fasteners'}",Plymouth Boxed Rubber Bands by Plymouth,11.304,3,0.2,-2.1195
5676,CA-2014-135993,5/28/2014,6/2/2014,Standard Class,PJ-18835,Patrick Jones,Corporate,United States,Seattle,Washington,98115,West,TEC-PH-10001552,"{'MainCategory': 'Technology', 'SubCategory': 'Phones'}",I Need's 3d Hello Kitty Hybrid Silicone Case Cover for HTC One X 4g with 3d Hello Kitty Stylus Pen Green/pink,57.408,6,0.2,5.7408
6539,CA-2015-109862,10/25/2015,10/30/2015,Standard Class,HK-14890,Heather Kirkland,Corporate,United States,Newark,Delaware,19711,East,TEC-PH-10004042,"{'MainCategory': 'Technology', 'SubCategory': 'Phones'}",ClearOne Communications CHAT 70 OC¬†Speaker Phone,158.99,1,0,41.3374
9469,CA-2017-102925,11/5/2017,11/10/2017,Second Class,CD-12280,Christina DeMoss,Consumer,United States,New York City,New York,10024,East,OFF-PA-10001870,"{'MainCategory': 'Office Supplies', 'SubCategory': 'Paper'}",Xerox 202,12.96,2,0,6.2208
137,CA-2016-145583,10/13/2016,10/19/2016,Standard Class,LC-16885,Lena Creighton,Consumer,United States,Roseville,California,95661,West,OFF-FA-10002988,"{'MainCategory': 'Office Supplies', 'SubCategory': 'Fasteners'}",Ideal Clamps,4.02,2,0,1.9698
6333,CA-2014-167927,1/20/2014,1/26/2014,Standard Class,XP-21865,Xylona Preis,Consumer,United States,Westland,Michigan,48185,Central,FUR-FU-10002268,"{'MainCategory': 'Furniture', 'SubCategory': 'Furnishings'}",Ultra Door Push Plate,14.73,3,0,4.8609
6747,CA-2017-159156,11/13/2017,11/16/2017,First Class,KB-16600,Ken Brennan,Corporate,United States,New York City,New York,10009,East,TEC-PH-10004389,"{'MainCategory': 'Technology', 'SubCategory': 'Phones'}",Nokia Lumia 925,629.95,5,0,163.787
4040,CA-2014-110786,12/29/2014,1/2/2015,Standard Class,AJ-10795,Anthony Johnson,Corporate,United States,San Francisco,California,94110,West,TEC-MA-10003183,"{'MainCategory': 'Technology', 'SubCategory': 'Machines'}",DYMO CardScan Personal V9 Business Card Scanner,767.952,6,0.2,287.982
4999,CA-2016-129238,1/31/2016,2/4/2016,Standard Class,SC-20050,Sample Company A,Home Office,United States,Los Angeles,California,90045,West,TEC-PH-10004120,"{'MainCategory': 'Technology', 'SubCategory': 'Phones'}",AT&T 1080 Phone,109.592,1,0.2,8.2194
6553,CA-2017-161578,12/16/2017,12/21/2017,Second Class,RB-19465,Rick Bensley,Home Office,United States,Los Angeles,California,90036,West,OFF-ST-10002289,"{'MainCategory': 'Office Supplies', 'SubCategory': 'Storage'}","Safco Wire Cube Shelving System, For Use as 4 or 5 14"" Cubes, Black",158.9,5,0,7.945
1016,CA-2015-133025,9/17/2015,9/19/2015,Second Class,MO-17800,Meg O'Connel,Home Office,United States,Los Angeles,California,90036,West,OFF-PA-10004100,"{'MainCategory': 'Office Supplies', 'SubCategory': 'Paper'}",Xerox 216,32.4,5,0,15.552
1984,CA-2014-164721,11/25/2014,11/27/2014,Second Class,LW-16825,Laurel Workman,Corporate,United States,Brentwood,California,94513,West,OFF-AP-10000240,"{'MainCategory': 'Office Supplies', 'SubCategory': 'Appliances'}",Belkin F9G930V10-GRY 9 Outlet Surge,320.88,6,0,93.0552
7329,US-2014-131275,3/18/2014,3/24/2014,Standard Class,SC-20050,Sample Company A,Home Office,United States,Burbank,California,91505,West,TEC-MA-10001148,"{'MainCategory': 'Technology', 'SubCategory': 'Machines'}",Swingline SM12-08 MicroCut Jam Free Shredder,1279.968,4,0.2,415.9896
3329,CA-2014-165309,11/11/2014,11/15/2014,Standard Class,KD-16270,Karen Daniels,Consumer,United States,Houston,Texas,77095,Central,OFF-PA-10001033,"{'MainCategory': 'Office Supplies', 'SubCategory': 'Paper'}",Xerox 1893,262.336,8,0.2,95.0968
2420,CA-2017-159597,11/9/2017,11/14/2017,Standard Class,MC-17590,Matt Collister,Corporate,United States,Coachella,California,92236,West,OFF-ST-10002289,"{'MainCategory': 'Office Supplies', 'SubCategory': 'Storage'}","Safco Wire Cube Shelving System, For Use as 4 or 5 14"" Cubes, Black",63.56,2,0,3.178
3502,CA-2016-108616,9/29/2016,10/3/2016,Standard Class,JK-15730,Joe Kamberova,Consumer,United States,Mobile,Alabama,36608,South,OFF-AR-10001149,"{'MainCategory': 'Office Supplies', 'SubCategory': 'Art'}","Sanford Colorific Colored Pencils, 12/Box",25.92,9,0,7.776
3123,CA-2015-121720,6/11/2015,6/12/2015,First Class,JE-15610,Jim Epp,Corporate,United States,Lakeland,Florida,33801,South,OFF-BI-10004593,"{'MainCategory': 'Office Supplies', 'SubCategory': 'Binders'}",Ibico Laser Imprintable Binding System Covers,78.6,5,0.7,-62.88
4039,CA-2014-110786,12/29/2014,1/2/2015,Standard Class,AJ-10795,Anthony Johnson,Corporate,United States,San Francisco,California,94110,West,OFF-PA-10000528,"{'MainCategory': 'Office Supplies', 'SubCategory': 'Paper'}",Xerox 1981,21.12,4,0,9.504
6980,CA-2017-149076,1/14/2017,1/19/2017,Standard Class,SO-20335,Sean O'Donnell,Consumer,United States,Los Angeles,California,90036,West,OFF-PA-10000483,"{'MainCategory': 'Office Supplies', 'SubCategory': 'Paper'}",Xerox 19,154.9,5,0,69.705
1399,CA-2016-124485,11/24/2016,11/26/2016,First Class,NC-18340,Nat Carroll,Consumer,United States,New York City,New York,10035,East,TEC-AC-10002323,"{'MainCategory': 'Technology', 'SubCategory': 'Accessories'}",SanDisk Ultra 32 GB MicroSDHC Class 10 Memory Card,88.4,4,0,11.492
2584,US-2014-155502,1/26/2014,1/31/2014,Standard Class,SD-20485,Shirley Daniels,Home Office,United States,Alexandria,Virginia,22304,South,FUR-FU-10001847,"{'MainCategory': 'Furniture', 'SubCategory': 'Furnishings'}",Eldon Image Series Black Desk Accessories,12.42,3,0,4.4712
4846,CA-2015-124044,7/23/2015,7/26/2015,Second Class,MS-17830,Melanie Seite,Consumer,United States,Rochester,New York,14609,East,OFF-BI-10003460,"{'MainCategory': 'Office Supplies', 'SubCategory': 'Binders'}",Acco 3-Hole Punch,10.512,3,0.2,3.6792
1709,CA-2017-123491,10/30/2017,11/5/2017,Standard Class,JK-15205,Jamie Kunitz,Consumer,United States,San Francisco,California,94122,West,OFF-PA-10003424,"{'MainCategory': 'Office Supplies', 'SubCategory': 'Paper'}","""While you Were Out"" Message Book, One Form per Page",7.42,2,0,3.71
7900,CA-2017-128363,8/13/2017,8/18/2017,Standard Class,DC-12850,Dan Campbell,Consumer,United States,Memphis,Tennessee,38109,South,OFF-FA-10003495,"{'MainCategory': 'Office Supplies', 'SubCategory': 'Fasteners'}",Staples,24.32,5,0.2,9.12
6679,CA-2014-150329,10/10/2014,10/14/2014,Standard Class,SD-20485,Shirley Daniels,Home Office,United States,Phoenix,Arizona,85023,West,FUR-FU-10003724,"{'MainCategory': 'Furniture', 'SubCategory': 'Furnishings'}",Westinghouse Clip-On Gooseneck Lamps,46.872,7,0.2,3.5154
5685,CA-2014-164315,4/2/2014,4/8/2014,Standard Class,RD-19585,Rob Dowd,Consumer,United States,Athens,Georgia,30605,South,OFF-AP-10003842,"{'MainCategory': 'Office Supplies', 'SubCategory': 'Appliances'}",Euro-Pro Shark Turbo Vacuum,154.9,5,0,40.274
9809,CA-2017-145093,7/21/2017,7/26/2017,Standard Class,PT-19090,Pete Takahito,Consumer,United States,Chicago,Illinois,60623,Central,OFF-BI-10001116,"{'MainCategory': 'Office Supplies', 'SubCategory': 'Binders'}","Wilson Jones 1"" Hanging DublLock Ring Binders",2.112,2,0.8,-3.3792
2723,CA-2016-164735,4/14/2016,4/19/2016,Second Class,TB-21400,Tom Boeckenhauer,Consumer,United States,Alexandria,Virginia,22304,South,OFF-ST-10001558,"{'MainCategory': 'Office Supplies', 'SubCategory': 'Storage'}",Acco Perma 4000 Stacking Storage Drawers,81.2,5,0,12.18
9224,CA-2017-121160,11/4/2017,11/4/2017,Same Day,FM-14290,Frank Merwin,Home Office,United States,Bryan,Texas,77803,Central,OFF-BI-10001308,"{'MainCategory': 'Office Supplies', 'SubCategory': 'Binders'}",GBC Standard Plastic Binding Systems' Combs,7.536,6,0.8,-13.188
8330,CA-2017-118577,10/6/2017,10/11/2017,Standard Class,XP-21865,Xylona Preis,Consumer,United States,Belleville,New Jersey,7109,East,OFF-PA-10004888,"{'MainCategory': 'Office Supplies', 'SubCategory': 'Paper'}",Xerox 217,6.48,1,0,3.1104
7278,CA-2016-157217,7/19/2016,7/21/2016,First Class,TC-21535,Tracy Collins,Home Office,United States,San Francisco,California,94110,West,TEC-PH-10002070,"{'MainCategory': 'Technology', 'SubCategory': 'Phones'}",Griffin GC36547 PowerJolt SE Lightning Charger,35.984,2,0.2,4.498
1384,US-2016-108504,2/5/2016,2/5/2016,Same Day,PP-18955,Paul Prost,Home Office,United States,Smyrna,Georgia,30080,South,OFF-PA-10001289,"{'MainCategory': 'Office Supplies', 'SubCategory': 'Paper'}",White Computer Printout Paper by Universal,348.84,9,0,170.9316
500,CA-2016-126158,7/25/2016,7/31/2016,Standard Class,SC-20095,Sanjit Chand,Consumer,United States,Costa Mesa,California,92627,West,FUR-FU-10000073,"{'MainCategory': 'Furniture', 'SubCategory': 'Furnishings'}",Deflect-O Glasstique Clear Desk Accessories,69.3,9,0,22.869
2213,CA-2017-107874,11/21/2017,11/25/2017,Standard Class,SW-20275,Scott Williamson,Consumer,United States,New York City,New York,10035,East,FUR-FU-10003535,"{'MainCategory': 'Furniture', 'SubCategory': 'Furnishings'}",Howard Miller Distant Time Traveler Alarm Clock,27.42,1,0,11.2422
7311,CA-2015-121699,8/10/2015,8/14/2015,Standard Class,BD-11320,Bill Donatelli,Consumer,United States,Detroit,Michigan,48227,Central,OFF-BI-10004632,"{'MainCategory': 'Office Supplies', 'SubCategory': 'Binders'}",GBC Binding covers,64.75,5,0,29.1375
4863,CA-2016-125164,11/10/2016,11/14/2016,Standard Class,SH-19975,Sally Hughsby,Corporate,United States,New York City,New York,10011,East,OFF-BI-10001191,"{'MainCategory': 'Office Supplies', 'SubCategory': 'Binders'}",Canvas Sectional Post Binders,20.368,1,0.2,7.3834
5670,CA-2016-142405,6/11/2016,6/15/2016,Standard Class,SE-20110,Sanjit Engle,Consumer,United States,Seattle,Washington,98103,West,TEC-AC-10003095,"{'MainCategory': 'Technology', 'SubCategory': 'Accessories'}",Logitech G35 7.1-Channel Surround Sound Headset,389.97,3,0,132.5898
7437,CA-2015-148180,7/26/2015,7/31/2015,Standard Class,BP-11095,Bart Pistole,Corporate,United States,Oxnard,California,93030,West,OFF-AR-10002067,"{'MainCategory': 'Office Supplies', 'SubCategory': 'Art'}",Newell 334,99.2,5,0,25.792
275,CA-2017-118136,9/16/2017,9/17/2017,First Class,BB-10990,Barry Blumstein,Corporate,United States,Inglewood,California,90301,West,OFF-PA-10002615,"{'MainCategory': 'Office Supplies', 'SubCategory': 'Paper'}","Ampad Gold Fibre Wirebound Steno Books, 6"" x 9"", Gregg Ruled",8.82,2,0,4.0572
3703,CA-2015-104941,6/13/2015,6/19/2015,Standard Class,DH-13075,Dave Hallsten,Corporate,United States,Decatur,Alabama,35601,South,OFF-AR-10004269,"{'MainCategory': 'Office Supplies', 'SubCategory': 'Art'}",Newell 31,24.78,6,0,6.9384
398,CA-2015-122259,10/31/2015,11/4/2015,Standard Class,HP-14815,Harold Pawlan,Home Office,United States,Jackson,Michigan,49201,Central,OFF-SU-10002573,"{'MainCategory': 'Office Supplies', 'SubCategory': 'Supplies'}","Acme 10"" Easy Grip Assistive Scissors",70.12,4,0,21.036
8580,CA-2016-111605,12/27/2016,1/2/2017,Standard Class,JW-15955,Joni Wasserman,Consumer,United States,Louisville,Kentucky,40214,South,OFF-LA-10002368,"{'MainCategory': 'Office Supplies', 'SubCategory': 'Labels'}",Avery 479,2.61,1,0,1.2006
8585,CA-2014-104808,2/4/2014,2/8/2014,Second Class,MH-17440,Mark Haberlin,Corporate,United States,Escondido,California,92025,West,OFF-BI-10003676,"{'MainCategory': 'Office Supplies', 'SubCategory': 'Binders'}","GBC Standard Recycled Report Covers, Clear Plastic Sheets",17.248,2,0.2,6.0368
4273,US-2017-158505,7/21/2017,7/21/2017,Same Day,SF-20200,Sarah Foster,Consumer,United States,Murray,Utah,84107,West,TEC-PH-10004071,"{'MainCategory': 'Technology', 'SubCategory': 'Phones'}",PayAnywhere Card Reader,71.928,9,0.2,6.2937
6290,US-2015-139675,3/13/2015,3/18/2015,Second Class,NF-18595,Nicole Fjeld,Home Office,United States,Chico,California,95928,West,FUR-CH-10004063,"{'MainCategory': 'Furniture', 'SubCategory': 'Chairs'}",Global Deluxe High-Back Manager's Chair,915.136,4,0.2,102.9528
7676,CA-2017-133487,5/6/2017,5/9/2017,Second Class,TS-21655,Trudy Schmidt,Consumer,United States,Rancho Cucamonga,California,91730,West,OFF-AP-10001271,"{'MainCategory': 'Office Supplies', 'SubCategory': 'Appliances'}",Eureka The Boss Cordless Rechargeable Stick Vac,152.94,3,0,41.2938
1426,CA-2015-124800,9/26/2015,9/30/2015,Standard Class,RW-19540,Rick Wilson,Corporate,United States,Mesa,Arizona,85204,West,OFF-ST-10002743,"{'MainCategory': 'Office Supplies', 'SubCategory': 'Storage'}",SAFCO Boltless Steel Shelving,363.648,4,0.2,-86.3664
3153,CA-2015-147830,12/15/2015,12/18/2015,First Class,NF-18385,Natalie Fritzler,Consumer,United States,Newark,Ohio,43055,East,TEC-PH-10004908,"{'MainCategory': 'Technology', 'SubCategory': 'Phones'}",Panasonic KX TS3282W Corded phone,101.988,2,0.4,-16.998
4168,CA-2014-157924,10/11/2014,10/13/2014,First Class,HA-14920,Helen Andreada,Consumer,United States,Pasadena,California,91104,West,OFF-ST-10002352,"{'MainCategory': 'Office Supplies', 'SubCategory': 'Storage'}",Iris Project Case,31.92,4,0,8.2992
580,CA-2017-118640,7/20/2017,7/26/2017,Standard Class,CS-11950,Carlos Soltero,Consumer,United States,Chicago,Illinois,60610,Central,FUR-FU-10001475,"{'MainCategory': 'Furniture', 'SubCategory': 'Furnishings'}","Contract Clock, 14"", Brown",8.792,1,0.6,-5.7148
8376,CA-2015-158701,1/5/2015,1/10/2015,Standard Class,JL-15175,James Lanier,Home Office,United States,San Francisco,California,94110,West,OFF-BI-10001294,"{'MainCategory': 'Office Supplies', 'SubCategory': 'Binders'}",Fellowes Binding Cases,56.16,6,0.2,17.55
5434,CA-2017-129707,4/25/2017,4/29/2017,Standard Class,LH-16750,Larry Hughes,Consumer,United States,Chandler,Arizona,85224,West,OFF-AR-10000246,"{'MainCategory': 'Office Supplies', 'SubCategory': 'Art'}",Newell 318,8.896,4,0.2,0.6672
6345,CA-2015-146255,3/7/2015,3/10/2015,First Class,EM-14140,Eugene Moren,Home Office,United States,Newark,Delaware,19711,East,OFF-BI-10001765,"{'MainCategory': 'Office Supplies', 'SubCategory': 'Binders'}",Wilson Jones Heavy-Duty Casebound Ring Binders with Metal Hinges,69.28,2,0,33.2544
225,CA-2015-169397,12/24/2015,12/27/2015,First Class,JB-15925,Joni Blumstein,Consumer,United States,Dublin,Ohio,43017,East,OFF-AR-10001958,"{'MainCategory': 'Office Supplies', 'SubCategory': 'Art'}",Stanley Bostitch Contemporary Electric Pencil Sharpeners,27.168,2,0.2,2.7168
4787,CA-2015-104346,12/11/2015,12/16/2015,Standard Class,IM-15070,Irene Maddox,Consumer,United States,Colorado Springs,Colorado,80906,West,OFF-AR-10001545,"{'MainCategory': 'Office Supplies', 'SubCategory': 'Art'}",Newell 326,4.224,3,0.2,0.4752
7663,US-2017-141509,9/29/2017,10/1/2017,First Class,SC-20575,Sonia Cooley,Consumer,United States,Los Angeles,California,90036,West,OFF-AR-10002067,"{'MainCategory': 'Office Supplies', 'SubCategory': 'Art'}",Newell 334,99.2,5,0,25.792
7876,CA-2017-168403,9/9/2017,9/15/2017,Standard Class,DK-12835,Damala Kotsonis,Corporate,United States,Portland,Oregon,97206,West,OFF-PA-10002036,"{'MainCategory': 'Office Supplies', 'SubCategory': 'Paper'}",Xerox 1930,31.104,6,0.2,11.2752
1168,CA-2017-145226,12/8/2017,12/10/2017,Second Class,DL-13315,Delfina Latchford,Consumer,United States,New York City,New York,10035,East,FUR-FU-10004952,"{'MainCategory': 'Furniture', 'SubCategory': 'Furnishings'}","C-Line Cubicle Keepers Polyproplyene Holder w/Velcro Back, 8-1/2x11, 25/Bx",109.48,2,0,33.9388
7414,CA-2017-121125,5/30/2017,6/3/2017,Standard Class,MG-17890,Michael Granlund,Home Office,United States,Tigard,Oregon,97224,West,FUR-FU-10000820,"{'MainCategory': 'Furniture', 'SubCategory': 'Furnishings'}",Tensor Brushed Steel Torchiere Floor Lamp,13.592,1,0.2,-0.3398
8133,CA-2014-127866,7/20/2014,7/23/2014,First Class,JD-15895,Jonathan Doherty,Corporate,United States,Riverside,California,92503,West,OFF-ST-10001490,"{'MainCategory': 'Office Supplies', 'SubCategory': 'Storage'}","Hot File 7-Pocket, Floor Stand",535.41,3,0,160.623
3993,CA-2015-161998,5/1/2015,5/5/2015,Standard Class,DB-13120,David Bremer,Corporate,United States,Tampa,Florida,33614,South,OFF-SU-10004261,"{'MainCategory': 'Office Supplies', 'SubCategory': 'Supplies'}","Fiskars 8"" Scissors, 2/Pack",41.376,3,0.2,4.6548
9605,CA-2015-138625,11/2/2015,11/5/2015,First Class,EG-13900,Emily Grady,Consumer,United States,Chesapeake,Virginia,23320,South,OFF-AP-10003099,"{'MainCategory': 'Office Supplies', 'SubCategory': 'Appliances'}","Eureka Hand Vacuum, Bagless",197.72,4,0,55.3616
4745,CA-2017-168123,3/5/2017,3/5/2017,Same Day,JD-16060,Julia Dunbar,Consumer,United States,Rochester,Minnesota,55901,Central,OFF-ST-10000877,"{'MainCategory': 'Office Supplies', 'SubCategory': 'Storage'}",Recycled Steel Personal File for Standard File Folders,221.16,4,0,57.5016
3801,CA-2016-156503,10/14/2016,10/20/2016,Standard Class,NC-18415,Nathan Cano,Consumer,United States,Jacksonville,North Carolina,28540,South,FUR-CH-10003606,"{'MainCategory': 'Furniture', 'SubCategory': 'Chairs'}",SAFCO Folding Chair Trolley,102.592,1,0.2,10.2592
4337,CA-2015-154795,12/20/2015,12/24/2015,Standard Class,GZ-14470,Gary Zandusky,Consumer,United States,Bullhead City,Arizona,86442,West,FUR-FU-10002088,"{'MainCategory': 'Furniture', 'SubCategory': 'Furnishings'}",Nu-Dell Float Frame 11 x 14 1/2,14.368,2,0.2,3.9512
7495,US-2017-160836,9/11/2017,9/16/2017,Standard Class,CC-12475,Cindy Chapman,Consumer,United States,Houston,Texas,77070,Central,OFF-AP-10001626,"{'MainCategory': 'Office Supplies', 'SubCategory': 'Appliances'}","Commercial WindTunnel Clean Air Upright Vacuum, Replacement Belts, Filtration Bags",1.556,2,0.8,-4.2012
5804,US-2017-106796,5/12/2017,5/19/2017,Standard Class,JP-16135,Julie Prescott,Home Office,United States,Springfield,Ohio,45503,East,OFF-AR-10003504,"{'MainCategory': 'Office Supplies', 'SubCategory': 'Art'}",Newell 347,10.272,3,0.2,1.1556
7693,CA-2014-102330,12/29/2014,1/3/2015,Standard Class,AI-10855,Arianne Irving,Consumer,United States,Brentwood,California,94513,West,OFF-LA-10003923,"{'MainCategory': 'Office Supplies', 'SubCategory': 'Labels'}",Alphabetical Labels for Top Tab Filing,88.8,6,0,44.4
5460,CA-2017-116680,9/4/2017,9/6/2017,Second Class,PK-19075,Pete Kriz,Consumer,United States,San Francisco,California,94122,West,FUR-TA-10001771,"{'MainCategory': 'Furniture', 'SubCategory': 'Tables'}","Bush Cubix Conference Tables, Fully Assembled",1478.272,8,0.2,92.392
1366,US-2017-155425,11/10/2017,11/11/2017,First Class,AB-10600,Ann Blume,Corporate,United States,Tucson,Arizona,85705,West,TEC-AC-10001314,"{'MainCategory': 'Technology', 'SubCategory': 'Accessories'}",Case Logic 2.4GHz Wireless Keyboard,239.952,6,0.2,-35.9928
9371,CA-2015-111339,5/29/2015,5/31/2015,First Class,VP-21760,Victoria Pisteka,Corporate,United States,Columbus,Ohio,43229,East,FUR-FU-10002506,"{'MainCategory': 'Furniture', 'SubCategory': 'Furnishings'}","Tensor ""Hersey Kiss"" Styled Floor Lamp",41.568,4,0.2,-4.1568
8445,US-2016-155173,3/6/2016,3/10/2016,Standard Class,JB-16045,Julia Barnett,Home Office,United States,Philadelphia,Pennsylvania,19120,East,TEC-PH-10002538,"{'MainCategory': 'Technology', 'SubCategory': 'Phones'}",Grandstream GXP1160 VoIP phone,68.238,3,0.4,-12.5103
5009,CA-2015-102876,9/7/2015,9/14/2015,Standard Class,LR-17035,Lisa Ryan,Corporate,United States,Philadelphia,Pennsylvania,19134,East,OFF-BI-10004781,"{'MainCategory': 'Office Supplies', 'SubCategory': 'Binders'}",GBC Wire Binding Strips,9.522,1,0.7,-6.9828
3038,US-2015-123960,6/11/2015,6/16/2015,Standard Class,BD-11605,Brian Dahlen,Consumer,United States,Monroe,Louisiana,71203,South,OFF-PA-10004451,"{'MainCategory': 'Office Supplies', 'SubCategory': 'Paper'}",Xerox 222,32.4,5,0,15.552
2417,CA-2017-168655,10/12/2017,10/18/2017,Standard Class,ML-18040,Michelle Lonsdale,Corporate,United States,Albuquerque,New Mexico,87105,West,TEC-AC-10002842,"{'MainCategory': 'Technology', 'SubCategory': 'Accessories'}",WD My Passport Ultra 2TB Portable External Hard Drive,595,5,0,95.2
6850,CA-2014-101462,4/20/2014,4/25/2014,Standard Class,BP-11230,Benjamin Patterson,Consumer,United States,Los Angeles,California,90045,West,FUR-FU-10000409,"{'MainCategory': 'Furniture', 'SubCategory': 'Furnishings'}","GE 4 Foot Flourescent Tube, 40 Watt",59.92,4,0,27.5632
1467,CA-2014-151708,8/8/2014,8/14/2014,Standard Class,MB-17305,Maria Bertelson,Consumer,United States,Glendale,Arizona,85301,West,TEC-AC-10001767,"{'MainCategory': 'Technology', 'SubCategory': 'Accessories'}",SanDisk Ultra 64 GB MicroSDHC Class 10 Memory Card,95.976,3,0.2,-10.7973
7669,CA-2015-130974,11/27/2015,11/29/2015,Second Class,MA-17560,Matt Abelman,Home Office,United States,Everett,Massachusetts,2149,East,OFF-PA-10000743,"{'MainCategory': 'Office Supplies', 'SubCategory': 'Paper'}",Xerox 1977,40.08,6,0,19.2384
3148,CA-2014-109218,6/30/2014,7/3/2014,Second Class,AR-10825,Anthony Rawles,Corporate,United States,Los Angeles,California,90004,West,OFF-AR-10001374,"{'MainCategory': 'Office Supplies', 'SubCategory': 'Art'}","BIC Brite Liner Highlighters, Chisel Tip",32.4,5,0,10.368
836,CA-2016-165316,7/23/2016,7/27/2016,Standard Class,JB-15400,Jennifer Braxton,Corporate,United States,Tampa,Florida,33614,South,TEC-MA-10004002,"{'MainCategory': 'Technology', 'SubCategory': 'Machines'}",Zebra GX420t Direct Thermal/Thermal Transfer Printer,265.475,1,0.5,-111.4995
4881,CA-2017-143567,11/2/2017,11/5/2017,Second Class,TB-21175,Thomas Boland,Corporate,United States,Henderson,Kentucky,42420,South,FUR-CH-10000454,"{'MainCategory': 'Furniture', 'SubCategory': 'Chairs'}","Hon Deluxe Fabric Upholstered Stacking Chairs, Rounded Back",975.92,4,0,292.776
9174,US-2016-155768,12/1/2016,12/1/2016,Same Day,LB-16795,Laurel Beltran,Home Office,United States,Oxnard,California,93030,West,OFF-EN-10001219,"{'MainCategory': 'Office Supplies', 'SubCategory': 'Envelopes'}","#10- 4 1/8"" x 9 1/2"" Security-Tint Envelopes",22.92,3,0,11.2308
3604,CA-2017-112956,8/21/2017,8/27/2017,Standard Class,TH-21550,Tracy Hopkins,Home Office,United States,Columbia,Maryland,21044,East,OFF-PA-10000357,"{'MainCategory': 'Office Supplies', 'SubCategory': 'Paper'}",Xerox 1888,277.4,5,0,133.152
8586,US-2017-132927,12/9/2017,12/15/2017,Standard Class,RD-19720,Roger Demir,Consumer,United States,Philadelphia,Pennsylvania,19134,East,OFF-BI-10001116,"{'MainCategory': 'Office Supplies', 'SubCategory': 'Binders'}","Wilson Jones 1"" Hanging DublLock Ring Binders",11.088,7,0.7,-8.1312
1901,CA-2016-140543,6/29/2016,7/3/2016,Second Class,Co-12640,Corey-Lock,Consumer,United States,Florence,South Carolina,29501,South,OFF-ST-10000563,"{'MainCategory': 'Office Supplies', 'SubCategory': 'Storage'}",Fellowes Bankers Box Stor/Drawer Steel Plus,191.88,6,0,19.188
8155,US-2017-143770,3/20/2017,3/24/2017,Standard Class,RD-19720,Roger Demir,Consumer,United States,Middletown,Connecticut,6457,East,TEC-AC-10002842,"{'MainCategory': 'Technology', 'SubCategory': 'Accessories'}",WD My Passport Ultra 2TB Portable External Hard Drive,238,2,0,38.08
8099,CA-2017-122798,12/28/2017,1/1/2018,Standard Class,SV-20935,Susan Vittorini,Consumer,United States,Albuquerque,New Mexico,87105,West,OFF-PA-10004239,"{'MainCategory': 'Office Supplies', 'SubCategory': 'Paper'}",Xerox 1953,4.28,1,0,1.926
1141,CA-2016-152170,11/12/2016,11/15/2016,Second Class,FH-14275,Frank Hawley,Corporate,United States,La Porte,Indiana,46350,Central,OFF-BI-10002072,"{'MainCategory': 'Office Supplies', 'SubCategory': 'Binders'}",Cardinal Slant-D Ring Binders,17.38,2,0,8.69
2095,US-2015-164357,11/25/2015,11/29/2015,Standard Class,SF-20065,Sandra Flanagan,Consumer,United States,Wilmington,North Carolina,28403,South,OFF-AR-10001177,"{'MainCategory': 'Office Supplies', 'SubCategory': 'Art'}",Newell 349,13.12,5,0.2,1.476
431,US-2016-123750,4/15/2016,4/21/2016,Standard Class,RB-19795,Ross Baird,Home Office,United States,Gastonia,North Carolina,28052,South,TEC-AC-10004659,"{'MainCategory': 'Technology', 'SubCategory': 'Accessories'}",Imation¬†Secure+ Hardware Encrypted USB 2.0¬†Flash Drive; 16GB,408.744,7,0.2,76.6395
1232,CA-2015-132570,10/31/2015,11/2/2015,Second Class,KT-16480,Kean Thornton,Consumer,United States,Buffalo,New York,14215,East,OFF-AR-10000369,"{'MainCategory': 'Office Supplies', 'SubCategory': 'Art'}",Design Ebony Sketching Pencil,2.78,2,0,0.7228
9084,CA-2015-104038,2/6/2015,2/8/2015,First Class,LO-17170,Lori Olson,Corporate,United States,Suffolk,Virginia,23434,South,OFF-ST-10002554,"{'MainCategory': 'Office Supplies', 'SubCategory': 'Storage'}",Tennsco Industrial Shelving,146.73,3,0,2.9346
2179,CA-2016-125738,10/15/2016,10/21/2016,Standard Class,PB-18805,Patrick Bzostek,Home Office,United States,Salt Lake City,Utah,84106,West,OFF-PA-10001509,"{'MainCategory': 'Office Supplies', 'SubCategory': 'Paper'}","Recycled Desk Saver Line ""While You Were Out"" Book, 5 1/2"" X 4""",71.6,8,0,32.936
419,CA-2017-154816,11/6/2017,11/10/2017,Standard Class,VB-21745,Victoria Brennan,Corporate,United States,Richmond,Kentucky,40475,South,OFF-PA-10003845,"{'MainCategory': 'Office Supplies', 'SubCategory': 'Paper'}",Xerox 1987,5.78,1,0,2.8322
4900,CA-2016-130484,8/22/2016,8/27/2016,Standard Class,SG-20470,Sheri Gordon,Consumer,United States,Gresham,Oregon,97030,West,OFF-BI-10000088,"{'MainCategory': 'Office Supplies', 'SubCategory': 'Binders'}",GBC Imprintable Covers,26.352,8,0.7,-18.4464
1204,CA-2016-114727,7/18/2016,7/24/2016,Standard Class,LS-16945,Linda Southworth,Corporate,United States,Denver,Colorado,80219,West,OFF-ST-10002292,"{'MainCategory': 'Office Supplies', 'SubCategory': 'Storage'}","Sauder Facets Collection Locker/File Cabinet, Sky Alder Finish",593.568,2,0.2,0
8830,CA-2014-109680,10/6/2014,10/9/2014,First Class,VP-21760,Victoria Pisteka,Corporate,United States,Indianapolis,Indiana,46203,Central,OFF-ST-10001932,"{'MainCategory': 'Office Supplies', 'SubCategory': 'Storage'}",Fellowes Staxonsteel Drawer Files,386.34,2,0,54.0876
3352,US-2014-134733,9/23/2014,9/28/2014,Standard Class,BM-11650,Brian Moss,Corporate,United States,San Diego,California,92037,West,FUR-BO-10002916,"{'MainCategory': 'Furniture', 'SubCategory': 'Bookcases'}","Rush Hierlooms Collection 1"" Thick Stackable Bookcases",435.999,3,0.15,20.5176
1717,CA-2016-169943,5/19/2016,5/24/2016,Standard Class,BN-11515,Bradley Nguyen,Consumer,United States,New York City,New York,10011,East,OFF-AP-10001563,"{'MainCategory': 'Office Supplies', 'SubCategory': 'Appliances'}",Belkin Premiere Surge Master II 8-outlet surge protector,242.9,5,0,70.441
7933,US-2016-168095,7/15/2016,7/20/2016,Standard Class,MC-17425,Mark Cousins,Corporate,United States,Portland,Oregon,97206,West,OFF-PA-10003641,"{'MainCategory': 'Office Supplies', 'SubCategory': 'Paper'}",Xerox 1909,105.52,5,0.2,34.294
3500,CA-2016-108616,9/29/2016,10/3/2016,Standard Class,JK-15730,Joe Kamberova,Consumer,United States,Mobile,Alabama,36608,South,TEC-AC-10000420,"{'MainCategory': 'Technology', 'SubCategory': 'Accessories'}",Logitech G500s Laser Gaming Mouse with Adjustable Weight Tuning,209.97,3,0,71.3898
6654,US-2017-124779,9/8/2017,9/11/2017,First Class,BF-11020,Barry Franz√∂sisch,Corporate,United States,Arlington,Texas,76017,Central,FUR-CH-10003535,"{'MainCategory': 'Furniture', 'SubCategory': 'Chairs'}","Global Armless Task Chair, Royal Blue",213.43,5,0.3,-39.637
6910,CA-2014-126277,9/13/2014,9/18/2014,Second Class,LH-16900,Lena Hernandez,Consumer,United States,Columbus,Ohio,43229,East,OFF-BI-10004022,"{'MainCategory': 'Office Supplies', 'SubCategory': 'Binders'}",Acco Suede Grain Vinyl Round Ring Binder,2.502,3,0.7,-2.0016
7053,CA-2016-165330,12/11/2016,12/11/2016,Same Day,WB-21850,William Brown,Consumer,United States,Anaheim,California,92804,West,OFF-PA-10000241,"{'MainCategory': 'Office Supplies', 'SubCategory': 'Paper'}","IBM Multi-Purpose Copy Paper, 8 1/2 x 11"", Case",30.98,1,0,13.941
8045,CA-2017-165008,9/15/2017,9/17/2017,Second Class,DO-13645,Doug O'Connell,Consumer,United States,Salt Lake City,Utah,84106,West,OFF-BI-10002794,"{'MainCategory': 'Office Supplies', 'SubCategory': 'Binders'}","Avery Trapezoid Ring Binder, 3"" Capacity, Black, 1040 sheets",295.056,9,0.2,106.9578
1365,US-2017-155425,11/10/2017,11/11/2017,First Class,AB-10600,Ann Blume,Corporate,United States,Tucson,Arizona,85705,West,TEC-MA-10003183,"{'MainCategory': 'Technology', 'SubCategory': 'Machines'}",DYMO CardScan Personal V9 Business Card Scanner,95.994,2,0.7,-63.996
9361,CA-2016-168046,1/25/2016,1/28/2016,Second Class,JD-15895,Jonathan Doherty,Corporate,United States,New York City,New York,10024,East,OFF-ST-10004337,"{'MainCategory': 'Office Supplies', 'SubCategory': 'Storage'}","SAFCO Commercial Wire Shelving, 72h",428.68,7,0,0
674,CA-2017-130351,12/5/2017,12/8/2017,First Class,RB-19570,Rob Beeghly,Consumer,United States,Columbus,Indiana,47201,Central,OFF-AP-10004532,"{'MainCategory': 'Office Supplies', 'SubCategory': 'Appliances'}",Kensington 6 Outlet Guardian Standard Surge Protector,61.44,3,0,16.5888
8650,CA-2016-164574,7/29/2016,8/3/2016,Standard Class,RH-19555,Ritsa Hightower,Consumer,United States,Charlotte,North Carolina,28205,South,OFF-BI-10002429,"{'MainCategory': 'Office Supplies', 'SubCategory': 'Binders'}","Premier Elliptical Ring Binder, Black",27.396,3,0.7,-20.0904
1123,US-2014-147627,1/20/2014,1/26/2014,Standard Class,HL-15040,Hunter Lopez,Consumer,United States,Jonesboro,Arkansas,72401,South,OFF-AR-10002375,"{'MainCategory': 'Office Supplies', 'SubCategory': 'Art'}",Newell 351,22.96,7,0,6.6584
9011,CA-2017-127803,5/19/2017,5/23/2017,Standard Class,ND-18460,Neil Ducich,Corporate,United States,Huntsville,Alabama,35810,South,OFF-BI-10001787,"{'MainCategory': 'Office Supplies', 'SubCategory': 'Binders'}",Wilson Jones Four-Pocket Poly Binders,26.16,4,0,12.8184
1116,CA-2017-140585,12/18/2017,12/23/2017,Second Class,RA-19915,Russell Applegate,Consumer,United States,Encinitas,California,92024,West,TEC-AC-10003610,"{'MainCategory': 'Technology', 'SubCategory': 'Accessories'}",Logitech¬†Illuminated - Keyboard,119.98,2,0,57.5904
7851,CA-2016-104311,5/2/2016,5/6/2016,Standard Class,AS-10090,Adam Shillingsburg,Consumer,United States,Irving,Texas,75061,Central,OFF-LA-10000973,"{'MainCategory': 'Office Supplies', 'SubCategory': 'Labels'}",Avery 502,5.04,2,0.2,1.764
9322,US-2016-111563,11/4/2016,11/8/2016,Standard Class,SM-20005,Sally Matthias,Consumer,United States,Houston,Texas,77041,Central,FUR-FU-10002445,"{'MainCategory': 'Furniture', 'SubCategory': 'Furnishings'}","DAX Two-Tone Rosewood/Black Document Frame, Desktop, 5 x 7",11.376,3,0.6,-5.688
9812,CA-2016-117583,11/27/2016,11/30/2016,First Class,CB-12025,Cassandra Brandow,Consumer,United States,East Orange,New Jersey,7017,East,OFF-PA-10001246,"{'MainCategory': 'Office Supplies', 'SubCategory': 'Paper'}",Xerox 215,25.92,4,0,12.4416
8280,CA-2017-146192,4/22/2017,4/26/2017,Standard Class,BD-11725,Bruce Degenhardt,Consumer,United States,Columbus,Georgia,31907,South,OFF-ST-10003716,"{'MainCategory': 'Office Supplies', 'SubCategory': 'Storage'}",Tennsco Double-Tier Lockers,675.06,3,0,87.7578
6461,US-2017-133361,5/14/2017,5/17/2017,First Class,AJ-10780,Anthony Jacobs,Corporate,United States,Baltimore,Maryland,21215,East,OFF-AR-10003338,"{'MainCategory': 'Office Supplies', 'SubCategory': 'Art'}","Eberhard Faber 3 1/2"" Golf Pencils",37.2,5,0,9.3
8434,US-2014-127635,9/14/2014,9/18/2014,Second Class,SC-20260,Scott Cohen,Corporate,United States,Corpus Christi,Texas,78415,Central,OFF-PA-10004610,"{'MainCategory': 'Office Supplies', 'SubCategory': 'Paper'}",Xerox 1900,6.848,2,0.2,2.14
3535,CA-2014-110849,4/18/2014,4/23/2014,Standard Class,JL-15835,John Lee,Consumer,United States,Los Angeles,California,90049,West,OFF-AR-10000657,"{'MainCategory': 'Office Supplies', 'SubCategory': 'Art'}","Binney & Smith inkTank Desk Highlighter, Chisel Tip, Yellow, 12/Box",10.75,5,0,3.5475
7052,CA-2016-165330,12/11/2016,12/11/2016,Same Day,WB-21850,William Brown,Consumer,United States,Anaheim,California,92804,West,OFF-AR-10000914,"{'MainCategory': 'Office Supplies', 'SubCategory': 'Art'}",Boston 16765 Mini Stand Up Battery Pencil Sharpener,23.32,2,0,6.0632
5151,CA-2017-125101,3/6/2017,3/10/2017,Second Class,SH-19975,Sally Hughsby,Corporate,United States,San Francisco,California,94109,West,OFF-ST-10000675,"{'MainCategory': 'Office Supplies', 'SubCategory': 'Storage'}","File Shuttle II and Handi-File, Black",67.78,2,0,16.945
2017,CA-2015-113110,3/19/2015,3/23/2015,Standard Class,BK-11260,Berenike Kampe,Consumer,United States,San Bernardino,California,92404,West,OFF-BI-10000088,"{'MainCategory': 'Office Supplies', 'SubCategory': 'Binders'}",GBC Imprintable Covers,17.568,2,0.2,6.3684
2316,CA-2017-122035,7/20/2017,7/25/2017,Standard Class,EM-13825,Elizabeth Moffitt,Corporate,United States,Sioux Falls,South Dakota,57103,Central,OFF-BI-10000404,"{'MainCategory': 'Office Supplies', 'SubCategory': 'Binders'}",Avery Printable Repositionable Plastic Tabs,43,5,0,20.21
1134,US-2016-134908,6/5/2016,6/9/2016,Standard Class,JS-15940,Joni Sundaresam,Home Office,United States,Philadelphia,Pennsylvania,19134,East,OFF-ST-10003479,"{'MainCategory': 'Office Supplies', 'SubCategory': 'Storage'}","Eldon Base for stackable storage shelf, platinum",124.608,4,0.2,-23.364
3016,US-2015-138919,9/17/2015,9/21/2015,Standard Class,LS-16975,Lindsay Shagiari,Home Office,United States,New York City,New York,10035,East,FUR-TA-10004154,"{'MainCategory': 'Furniture', 'SubCategory': 'Tables'}","Riverside Furniture Oval Coffee Table, Oval End Table, End Table with Drawer",344.22,2,0.4,-103.266
6942,CA-2017-107132,6/26/2017,6/30/2017,Standard Class,SC-20260,Scott Cohen,Corporate,United States,New York City,New York,10009,East,OFF-ST-10001490,"{'MainCategory': 'Office Supplies', 'SubCategory': 'Storage'}","Hot File 7-Pocket, Floor Stand",713.88,4,0,214.164
6603,CA-2014-154095,12/2/2014,12/7/2014,Standard Class,ON-18715,Odella Nelson,Corporate,United States,Clinton,Maryland,20735,East,OFF-LA-10000634,"{'MainCategory': 'Office Supplies', 'SubCategory': 'Labels'}",Avery 509,15.66,6,0,7.2036
4068,CA-2014-102673,11/1/2014,11/5/2014,Standard Class,KH-16630,Ken Heidel,Corporate,United States,Charlotte,North Carolina,28205,South,OFF-LA-10001771,"{'MainCategory': 'Office Supplies', 'SubCategory': 'Labels'}",Avery 513,47.808,12,0.2,15.5376
6379,CA-2017-150623,4/10/2017,4/14/2017,Standard Class,DB-13360,Dennis Bolton,Home Office,United States,Waterbury,Connecticut,6708,East,TEC-AC-10004571,"{'MainCategory': 'Technology', 'SubCategory': 'Accessories'}",Logitech G700s Rechargeable Gaming Mouse,99.99,1,0,41.9958
4987,CA-2016-149279,4/24/2016,4/28/2016,Standard Class,CL-12700,Craig Leslie,Home Office,United States,Colorado Springs,Colorado,80906,West,OFF-PA-10003441,"{'MainCategory': 'Office Supplies', 'SubCategory': 'Paper'}",Xerox 226,15.552,3,0.2,5.4432
9360,CA-2016-168046,1/25/2016,1/28/2016,Second Class,JD-15895,Jonathan Doherty,Corporate,United States,New York City,New York,10024,East,FUR-FU-10000747,"{'MainCategory': 'Furniture', 'SubCategory': 'Furnishings'}",Tenex B1-RE Series Chair Mats for Low Pile Carpets,45.98,1,0,7.8166
8489,CA-2016-158841,2/2/2016,2/4/2016,Second Class,SE-20110,Sanjit Engle,Consumer,United States,Arlington,Virginia,22204,South,TEC-MA-10001127,"{'MainCategory': 'Technology', 'SubCategory': 'Machines'}","HP Designjet T520 Inkjet Large Format Printer - 24"" Color",8749.95,5,0,2799.984
2737,CA-2015-115798,11/13/2015,11/19/2015,Standard Class,KL-16645,Ken Lonsdale,Consumer,United States,Newark,Delaware,19711,East,OFF-PA-10001560,"{'MainCategory': 'Office Supplies', 'SubCategory': 'Paper'}","Adams Telephone Message Books, 5 1/4‚Äù x 11‚Äù",42.28,7,0,19.8716
6672,CA-2014-154837,8/23/2014,8/27/2014,Second Class,RB-19645,Robert Barroso,Corporate,United States,Los Angeles,California,90032,West,OFF-BI-10001575,"{'MainCategory': 'Office Supplies', 'SubCategory': 'Binders'}",GBC Linen Binding Covers,49.568,2,0.2,17.3488
1054,CA-2015-110667,4/4/2015,4/8/2015,Standard Class,NF-18595,Nicole Fjeld,Home Office,United States,New York City,New York,10009,East,OFF-AR-10000716,"{'MainCategory': 'Office Supplies', 'SubCategory': 'Art'}",DIXON Ticonderoga Erasable Checking Pencils,11.16,2,0,4.3524
6669,CA-2017-122175,5/12/2017,5/14/2017,Second Class,CA-12775,Cynthia Arntzen,Consumer,United States,Vineland,New Jersey,8360,East,OFF-SU-10004661,"{'MainCategory': 'Office Supplies', 'SubCategory': 'Supplies'}",Acme Titanium Bonded Scissors,17,2,0,4.42
6952,CA-2015-161767,11/20/2015,11/24/2015,Standard Class,GK-14620,Grace Kelly,Corporate,United States,Dallas,Texas,75217,Central,TEC-MA-10002790,"{'MainCategory': 'Technology', 'SubCategory': 'Machines'}",NeatDesk Desktop Scanner & Digital Filing System,479.988,2,0.4,55.9986
4392,CA-2017-111556,11/20/2017,11/22/2017,First Class,CD-11920,Carlos Daly,Consumer,United States,New York City,New York,10035,East,OFF-AR-10004602,"{'MainCategory': 'Office Supplies', 'SubCategory': 'Art'}",Boston KS Multi-Size Manual Pencil Sharpener,68.97,3,0,19.3116
4806,CA-2015-137708,11/22/2015,11/25/2015,Second Class,NG-18430,Nathan Gelder,Consumer,United States,Los Angeles,California,90008,West,OFF-PA-10000176,"{'MainCategory': 'Office Supplies', 'SubCategory': 'Paper'}",Xerox 1887,37.94,2,0,18.2112
1552,CA-2016-159345,6/17/2016,6/22/2016,Standard Class,IG-15085,Ivan Gibson,Consumer,United States,San Diego,California,92024,West,OFF-PA-10000806,"{'MainCategory': 'Office Supplies', 'SubCategory': 'Paper'}",Xerox 1934,111.96,2,0,54.8604
1454,CA-2016-133711,11/26/2016,11/29/2016,First Class,MC-17425,Mark Cousins,Corporate,United States,Mobile,Alabama,36608,South,OFF-BI-10004352,"{'MainCategory': 'Office Supplies', 'SubCategory': 'Binders'}",Wilson Jones DublLock D-Ring Binders,33.75,5,0,16.875
775,CA-2017-104220,1/30/2017,2/5/2017,Standard Class,BV-11245,Benjamin Venier,Corporate,United States,Des Moines,Iowa,50315,Central,OFF-AR-10004648,"{'MainCategory': 'Office Supplies', 'SubCategory': 'Art'}",Boston 19500 Mighty Mite Electric Pencil Sharpener,40.3,2,0,10.881
6265,US-2016-115952,10/6/2016,10/6/2016,Same Day,JH-15910,Jonathan Howell,Consumer,United States,Tulsa,Oklahoma,74133,Central,OFF-BI-10004654,"{'MainCategory': 'Office Supplies', 'SubCategory': 'Binders'}",Avery Binding System Hidden Tab Executive Style Index Sets,28.85,5,0,14.425
6086,US-2016-132577,11/22/2016,11/27/2016,Standard Class,JE-15475,Jeremy Ellison,Consumer,United States,Houston,Texas,77095,Central,OFF-LA-10000262,"{'MainCategory': 'Office Supplies', 'SubCategory': 'Labels'}",Avery 494,2.088,1,0.2,0.6786
4388,CA-2016-156811,10/27/2016,11/2/2016,Standard Class,BP-11095,Bart Pistole,Corporate,United States,San Francisco,California,94122,West,OFF-BI-10001628,"{'MainCategory': 'Office Supplies', 'SubCategory': 'Binders'}","Acco Data Flex Cable Posts For Top & Bottom Load Binders, 6"" Capacity",25.032,3,0.2,7.8225
4628,CA-2016-101336,11/13/2016,11/18/2016,Standard Class,CK-12760,Cyma Kinney,Corporate,United States,New York City,New York,10011,East,OFF-ST-10000876,"{'MainCategory': 'Office Supplies', 'SubCategory': 'Storage'}",Eldon Simplefile Box Office,24.88,2,0,6.9664
5522,CA-2017-117667,12/4/2017,12/9/2017,Standard Class,MS-17980,Michael Stewart,Corporate,United States,Philadelphia,Pennsylvania,19134,East,TEC-AC-10000580,"{'MainCategory': 'Technology', 'SubCategory': 'Accessories'}",Logitech G13 Programmable Gameboard with LCD Display,255.968,4,0.2,-28.7964
9661,CA-2016-160717,6/6/2016,6/11/2016,Standard Class,ME-17320,Maria Etezadi,Home Office,United States,Santa Barbara,California,93101,West,TEC-PH-10001459,"{'MainCategory': 'Technology', 'SubCategory': 'Phones'}",Samsung Galaxy Mega 6.3,3023.928,9,0.2,226.7946
5330,CA-2016-111941,12/25/2016,12/28/2016,Second Class,BD-11620,Brian DeCherney,Consumer,United States,New York City,New York,10035,East,OFF-BI-10001524,"{'MainCategory': 'Office Supplies', 'SubCategory': 'Binders'}",GBC Premium Transparent Covers with Diagonal Lined Pattern,33.568,2,0.2,11.7488
7001,CA-2017-123687,5/26/2017,5/29/2017,First Class,KC-16675,Kimberly Carter,Corporate,United States,Louisville,Kentucky,40214,South,OFF-SU-10004498,"{'MainCategory': 'Office Supplies', 'SubCategory': 'Supplies'}",Martin-Yale Premier Letter Opener,25.76,2,0,0.7728
6696,US-2016-155103,12/2/2016,12/7/2016,Standard Class,JF-15190,Jamie Frazer,Consumer,United States,New York City,New York,10024,East,OFF-BI-10004318,"{'MainCategory': 'Office Supplies', 'SubCategory': 'Binders'}",Ibico EB-19 Dual Function Manual Binding System,415.176,3,0.2,134.9322
4595,CA-2016-129868,12/26/2016,12/31/2016,Standard Class,MC-18130,Mike Caudle,Corporate,United States,Los Angeles,California,90004,West,FUR-TA-10003473,"{'MainCategory': 'Furniture', 'SubCategory': 'Tables'}",Bretford Rectangular Conference Table Tops,902.712,3,0.2,33.8517
9556,CA-2015-111612,11/28/2015,12/2/2015,Standard Class,EB-14110,Eugene Barchas,Consumer,United States,Columbus,Ohio,43229,East,OFF-FA-10003021,"{'MainCategory': 'Office Supplies', 'SubCategory': 'Fasteners'}",Staples,3.008,2,0.2,0.564
9034,CA-2014-152268,9/2/2014,9/7/2014,Standard Class,SC-20095,Sanjit Chand,Consumer,United States,Fayetteville,Arkansas,72701,South,OFF-BI-10001359,"{'MainCategory': 'Office Supplies', 'SubCategory': 'Binders'}",GBC DocuBind TL300 Electric Binding System,1793.98,2,0,843.1706
6895,CA-2017-164756,9/18/2017,9/22/2017,Standard Class,SS-20140,Saphhira Shifley,Corporate,United States,Columbus,Georgia,31907,South,TEC-PH-10002447,"{'MainCategory': 'Technology', 'SubCategory': 'Phones'}",AT&T CL83451 4-Handset Telephone,411.98,2,0,119.4742
2769,US-2015-122140,4/2/2015,4/7/2015,Standard Class,MO-17950,Michael Oakman,Consumer,United States,Dallas,Texas,75220,Central,OFF-AP-10001242,"{'MainCategory': 'Office Supplies', 'SubCategory': 'Appliances'}",APC 7 Outlet Network SurgeArrest Surge Protector,32.192,2,0.8,-80.48
1849,CA-2017-128370,9/10/2017,9/10/2017,Same Day,FH-14275,Frank Hawley,Corporate,United States,Los Angeles,California,90004,West,OFF-BI-10004140,"{'MainCategory': 'Office Supplies', 'SubCategory': 'Binders'}",Avery Non-Stick Binders,7.184,2,0.2,2.245
4774,CA-2017-119746,11/23/2017,11/27/2017,Standard Class,CM-12385,Christopher Martinez,Consumer,United States,Chicago,Illinois,60610,Central,OFF-LA-10001613,"{'MainCategory': 'Office Supplies', 'SubCategory': 'Labels'}",Avery File Folder Labels,11.52,5,0.2,4.176
7279,CA-2016-157217,7/19/2016,7/21/2016,First Class,TC-21535,Tracy Collins,Home Office,United States,San Francisco,California,94110,West,TEC-AC-10003095,"{'MainCategory': 'Technology', 'SubCategory': 'Accessories'}",Logitech G35 7.1-Channel Surround Sound Headset,389.97,3,0,132.5898
6392,CA-2016-129126,12/14/2016,12/19/2016,Standard Class,PK-19075,Pete Kriz,Consumer,United States,New York City,New York,10011,East,OFF-PA-10001471,"{'MainCategory': 'Office Supplies', 'SubCategory': 'Paper'}",Strathmore Photo Frame Cards,14.62,2,0,6.7252
2758,CA-2016-127775,6/11/2016,6/13/2016,Second Class,ES-14020,Erica Smith,Consumer,United States,New York City,New York,10035,East,TEC-AC-10002402,"{'MainCategory': 'Technology', 'SubCategory': 'Accessories'}",Razer Kraken PRO Over Ear PC and Music Headset,239.97,3,0,71.991
122,CA-2016-103730,6/12/2016,6/15/2016,First Class,SC-20725,Steven Cartwright,Consumer,United States,Wilmington,Delaware,19805,East,OFF-ST-10000777,"{'MainCategory': 'Office Supplies', 'SubCategory': 'Storage'}","Companion Letter/Legal File, Black",226.56,6,0,63.4368
4566,US-2017-149510,12/3/2017,12/10/2017,Standard Class,MC-17575,Matt Collins,Consumer,United States,Fayetteville,North Carolina,28314,South,OFF-AP-10002350,"{'MainCategory': 'Office Supplies', 'SubCategory': 'Appliances'}",Belkin F9H710-06 7 Outlet SurgeMaster Surge Protector,45.216,3,0.2,4.5216
3364,CA-2015-139962,12/13/2015,12/20/2015,Standard Class,Dp-13240,Dean percer,Home Office,United States,Revere,Massachusetts,2151,East,OFF-BI-10004738,"{'MainCategory': 'Office Supplies', 'SubCategory': 'Binders'}",Flexible Leather- Look Classic Collection Ring Binder,37.88,2,0,18.94
3632,CA-2017-132178,5/3/2017,5/8/2017,Second Class,DB-12970,Darren Budd,Corporate,United States,Los Angeles,California,90004,West,OFF-ST-10000464,"{'MainCategory': 'Office Supplies', 'SubCategory': 'Storage'}","Multi-Use Personal File Cart and Caster Set, Three Stacking Bins",69.52,2,0,19.4656
2757,CA-2015-155306,4/17/2015,4/21/2015,Standard Class,GA-14515,George Ashbrook,Consumer,United States,San Francisco,California,94122,West,OFF-PA-10001184,"{'MainCategory': 'Office Supplies', 'SubCategory': 'Paper'}",Xerox 1903,11.96,2,0,5.8604
5548,CA-2017-151008,9/7/2017,9/8/2017,First Class,JM-16195,Justin MacKendrick,Consumer,United States,Draper,Utah,84020,West,TEC-PH-10002807,"{'MainCategory': 'Technology', 'SubCategory': 'Phones'}",Motorla HX550 Universal Bluetooth Headset,126.56,4,0.2,47.46
9874,CA-2016-100587,12/10/2016,12/14/2016,Standard Class,SL-20155,Sara Luxemburg,Home Office,United States,New York City,New York,10024,East,OFF-PA-10004609,"{'MainCategory': 'Office Supplies', 'SubCategory': 'Paper'}",Xerox 221,6.48,1,0,3.1104
3531,US-2016-152835,5/19/2016,5/23/2016,Standard Class,RP-19855,Roy Phan,Corporate,United States,Lafayette,Indiana,47905,Central,OFF-AR-10003056,"{'MainCategory': 'Office Supplies', 'SubCategory': 'Art'}",Newell 341,21.4,5,0,6.206
4591,CA-2016-129868,12/26/2016,12/31/2016,Standard Class,MC-18130,Mike Caudle,Corporate,United States,Los Angeles,California,90004,West,OFF-SU-10000952,"{'MainCategory': 'Office Supplies', 'SubCategory': 'Supplies'}",Fiskars Home & Office Scissors,17.76,2,0,4.9728
217,CA-2015-146262,1/2/2015,1/9/2015,Standard Class,VW-21775,Victoria Wilson,Corporate,United States,Medina,Ohio,44256,East,TEC-AC-10000109,"{'MainCategory': 'Technology', 'SubCategory': 'Accessories'}",Sony Micro Vault Click 16 GB USB 2.0 Flash Drive,89.584,2,0.2,4.4792
2038,CA-2015-119214,1/23/2015,1/27/2015,Standard Class,CW-11905,Carl Weiss,Home Office,United States,Bozeman,Montana,59715,West,OFF-LA-10003077,"{'MainCategory': 'Office Supplies', 'SubCategory': 'Labels'}",Avery 500,14.62,2,0,6.8714
3001,CA-2014-138317,6/21/2014,6/25/2014,Standard Class,NW-18400,Natalie Webber,Consumer,United States,Philadelphia,Pennsylvania,19120,East,OFF-AP-10003860,"{'MainCategory': 'Office Supplies', 'SubCategory': 'Appliances'}",Fellowes Advanced 8 Outlet Surge Suppressor with Phone/Fax Protection,44.416,2,0.2,3.8864
223,CA-2015-169397,12/24/2015,12/27/2015,First Class,JB-15925,Joni Blumstein,Consumer,United States,Dublin,Ohio,43017,East,FUR-FU-10000087,"{'MainCategory': 'Furniture', 'SubCategory': 'Furnishings'}","Executive Impressions 14"" Two-Color Numerals Wall Clock",72.704,4,0.2,19.0848
3131,CA-2014-136399,12/16/2014,12/17/2014,First Class,CC-12100,Chad Cunningham,Home Office,United States,Los Angeles,California,90049,West,TEC-AC-10001142,"{'MainCategory': 'Technology', 'SubCategory': 'Accessories'}",First Data FD10 PIN Pad,395,5,0,39.5
2050,CA-2015-142237,7/11/2015,7/13/2015,First Class,CK-12595,Clytie Kelty,Consumer,United States,Philadelphia,Pennsylvania,19134,East,OFF-BI-10004022,"{'MainCategory': 'Office Supplies', 'SubCategory': 'Binders'}",Acco Suede Grain Vinyl Round Ring Binder,2.502,3,0.7,-2.0016
367,CA-2016-155516,10/21/2016,10/21/2016,Same Day,MK-17905,Michael Kennedy,Corporate,United States,Manchester,Connecticut,6040,East,OFF-BI-10002412,"{'MainCategory': 'Office Supplies', 'SubCategory': 'Binders'}",Wilson Jones ‚ÄúSnap‚Äù Scratch Pad Binder Tool for Ring Binders,23.2,4,0,10.44
2325,CA-2015-109470,12/31/2015,1/3/2016,Second Class,KC-16255,Karen Carlisle,Corporate,United States,Henderson,Kentucky,42420,South,OFF-BI-10000977,"{'MainCategory': 'Office Supplies', 'SubCategory': 'Binders'}",Ibico Plastic Spiral Binding Combs,364.8,12,0,167.808
2284,CA-2015-153108,3/5/2015,3/9/2015,Standard Class,SF-20200,Sarah Foster,Consumer,United States,New Castle,Indiana,47362,Central,TEC-PH-10001552,"{'MainCategory': 'Technology', 'SubCategory': 'Phones'}",I Need's 3d Hello Kitty Hybrid Silicone Case Cover for HTC One X 4g with 3d Hello Kitty Stylus Pen Green/pink,23.92,2,0,6.6976
2839,CA-2016-147368,6/9/2016,6/12/2016,First Class,TC-21295,Toby Carlisle,Consumer,United States,Tallahassee,Florida,32303,South,TEC-MA-10002178,"{'MainCategory': 'Technology', 'SubCategory': 'Machines'}",Cisco CP-7937G Unified IP Conference Station Phone,695.7,2,0.5,-27.828
1493,CA-2017-166436,11/24/2017,11/28/2017,Standard Class,TS-21370,Todd Sumrall,Corporate,United States,New York City,New York,10035,East,FUR-CH-10000785,"{'MainCategory': 'Furniture', 'SubCategory': 'Chairs'}",Global Ergonomic Managers Chair,977.292,6,0.1,173.7408
7969,CA-2016-157707,10/10/2016,10/12/2016,First Class,CC-12610,Corey Catlett,Corporate,United States,Denver,Colorado,80219,West,TEC-PH-10002583,"{'MainCategory': 'Technology', 'SubCategory': 'Phones'}",iOttie HLCRIO102 Car Mount,15.992,1,0.2,-2.9985
7826,CA-2015-127327,2/3/2015,2/7/2015,Standard Class,PW-19030,Pauline Webber,Corporate,United States,Rome,New York,13440,East,FUR-CH-10004218,"{'MainCategory': 'Furniture', 'SubCategory': 'Chairs'}","Global Fabric Manager's Chair, Dark Gray",90.882,1,0.1,15.147
6715,CA-2017-107629,12/14/2017,12/14/2017,Same Day,DB-13060,Dave Brooks,Consumer,United States,Skokie,Illinois,60076,Central,TEC-AC-10004510,"{'MainCategory': 'Technology', 'SubCategory': 'Accessories'}",Logitech Desktop MK120 Mouse and keyboard Combo,39.264,3,0.2,-4.908
605,CA-2014-149958,3/15/2014,3/19/2014,Standard Class,AS-10240,Alan Shonely,Consumer,United States,Tampa,Florida,33614,South,OFF-BI-10000773,"{'MainCategory': 'Office Supplies', 'SubCategory': 'Binders'}",Insertable Tab Post Binder Dividers,7.218,3,0.7,-5.5338
8119,US-2017-106551,7/22/2017,7/27/2017,Standard Class,EB-13930,Eric Barreto,Consumer,United States,Chicago,Illinois,60653,Central,FUR-CH-10004997,"{'MainCategory': 'Furniture', 'SubCategory': 'Chairs'}",Hon Every-Day Series Multi-Task Chairs,526.344,4,0.3,-75.192
2790,US-2014-117744,12/2/2014,12/6/2014,Standard Class,MD-17860,Michael Dominguez,Corporate,United States,Corpus Christi,Texas,78415,Central,FUR-FU-10002759,"{'MainCategory': 'Furniture', 'SubCategory': 'Furnishings'}",12-1/2 Diameter Round Wall Clock,39.96,5,0.6,-23.976
7865,CA-2015-143364,7/14/2015,7/19/2015,Second Class,TG-21310,Toby Gnade,Consumer,United States,Mesa,Arizona,85204,West,OFF-PA-10001846,"{'MainCategory': 'Office Supplies', 'SubCategory': 'Paper'}",Xerox 1899,18.496,4,0.2,6.7048
7344,CA-2014-168473,12/26/2014,1/1/2015,Standard Class,TB-21520,Tracy Blumstein,Consumer,United States,New York City,New York,10009,East,OFF-ST-10000563,"{'MainCategory': 'Office Supplies', 'SubCategory': 'Storage'}",Fellowes Bankers Box Stor/Drawer Steel Plus,191.88,6,0,19.188
4672,CA-2016-133550,7/31/2016,8/6/2016,Standard Class,KL-16645,Ken Lonsdale,Consumer,United States,Detroit,Michigan,48205,Central,OFF-AP-10001005,"{'MainCategory': 'Office Supplies', 'SubCategory': 'Appliances'}",Honeywell Quietcare HEPA Air Cleaner,283.14,4,0.1,72.358
5245,CA-2016-156265,8/2/2016,8/4/2016,Second Class,BF-11020,Barry Franz√∂sisch,Corporate,United States,Los Angeles,California,90032,West,FUR-TA-10001691,"{'MainCategory': 'Furniture', 'SubCategory': 'Tables'}","Barricks Non-Folding Utility Table with Steel Legs, Laminate Tops",136.464,2,0.2,15.3522
4618,CA-2015-117800,9/21/2015,9/26/2015,Standard Class,TH-21550,Tracy Hopkins,Home Office,United States,Everett,Massachusetts,2149,East,TEC-PH-10002415,"{'MainCategory': 'Technology', 'SubCategory': 'Phones'}",Polycom VoiceStation 500 Conference¬†phone,589.9,2,0,147.475
3778,CA-2015-107937,5/3/2015,5/8/2015,Standard Class,JB-16045,Julia Barnett,Home Office,United States,Chula Vista,California,91911,West,FUR-FU-10002298,"{'MainCategory': 'Furniture', 'SubCategory': 'Furnishings'}","Rubbermaid ClusterMat Chairmats, Mat Size- 66"" x 60"", Lip 20"" x 11"" -90 Degree Angle",665.88,6,0,106.5408
998,CA-2015-162537,10/28/2015,11/3/2015,Standard Class,RD-19585,Rob Dowd,Consumer,United States,Henderson,Kentucky,42420,South,OFF-ST-10004258,"{'MainCategory': 'Office Supplies', 'SubCategory': 'Storage'}",Portable Personal File Box,36.63,3,0,9.8901
6827,CA-2016-118689,10/2/2016,10/9/2016,Standard Class,TC-20980,Tamara Chand,Corporate,United States,Lafayette,Indiana,47905,Central,TEC-CO-10004722,"{'MainCategory': 'Technology', 'SubCategory': 'Copiers'}",Canon imageCLASS 2200 Advanced Copier,17499.95,5,0,8399.976
3062,CA-2017-127621,3/3/2017,3/7/2017,Standard Class,RE-19450,Richard Eichhorn,Consumer,United States,Dallas,Texas,75081,Central,OFF-PA-10001307,"{'MainCategory': 'Office Supplies', 'SubCategory': 'Paper'}","Important Message Pads, 50 4-1/4 x 5-1/2 Forms per Pad",26.88,8,0.2,9.744
3676,CA-2017-154109,11/6/2017,11/11/2017,Standard Class,ML-17410,Maris LaWare,Consumer,United States,Philadelphia,Pennsylvania,19143,East,OFF-PA-10000157,"{'MainCategory': 'Office Supplies', 'SubCategory': 'Paper'}",Xerox 191,47.952,3,0.2,16.1838
1999,CA-2014-131905,2/6/2014,2/9/2014,First Class,ND-18460,Neil Ducich,Corporate,United States,Chesapeake,Virginia,23320,South,TEC-PH-10003645,"{'MainCategory': 'Technology', 'SubCategory': 'Phones'}",Aastra 57i VoIP phone,161.61,1,0,42.0186
2411,CA-2014-162684,8/1/2014,8/6/2014,Standard Class,AS-10630,Ann Steele,Home Office,United States,Philadelphia,Pennsylvania,19120,East,OFF-FA-10000992,"{'MainCategory': 'Office Supplies', 'SubCategory': 'Fasteners'}","Acco Clips to Go Binder Clips, 24 Clips in Two Sizes",5.68,2,0.2,1.917
544,CA-2014-103849,5/11/2014,5/16/2014,Standard Class,PG-18895,Paul Gonzalez,Consumer,United States,Fort Worth,Texas,76106,Central,TEC-AC-10001465,"{'MainCategory': 'Technology', 'SubCategory': 'Accessories'}",SanDisk Cruzer 64 GB USB Flash Drive,58.112,2,0.2,7.264
3731,CA-2015-109575,9/18/2015,9/23/2015,Standard Class,KH-16630,Ken Heidel,Corporate,United States,Clinton,Maryland,20735,East,OFF-ST-10004123,"{'MainCategory': 'Office Supplies', 'SubCategory': 'Storage'}",Safco Industrial Wire Shelving System,636.86,7,0,0
5353,CA-2016-123932,9/6/2016,9/12/2016,Standard Class,YC-21895,Yoseph Carroll,Corporate,United States,Dallas,Texas,75217,Central,TEC-PH-10002447,"{'MainCategory': 'Technology', 'SubCategory': 'Phones'}",AT&T CL83451 4-Handset Telephone,329.584,2,0.2,37.0782
682,CA-2016-164511,11/19/2016,11/24/2016,Standard Class,DJ-13630,Doug Jacobs,Consumer,United States,New York City,New York,10024,East,OFF-ST-10002583,"{'MainCategory': 'Office Supplies', 'SubCategory': 'Storage'}",Fellowes Neat Ideas Storage Cubes,64.96,2,0,2.5984
6135,CA-2016-146766,11/4/2016,11/4/2016,Same Day,TT-21220,Thomas Thornton,Consumer,United States,Chula Vista,California,91911,West,OFF-AR-10002135,"{'MainCategory': 'Office Supplies', 'SubCategory': 'Art'}",Boston Heavy-Duty Trimline Electric Pencil Sharpeners,192.8,4,0,55.912
7689,CA-2016-169838,11/25/2016,11/29/2016,Standard Class,BB-11545,Brenda Bowman,Corporate,United States,Jackson,Michigan,49201,Central,TEC-AC-10004518,"{'MainCategory': 'Technology', 'SubCategory': 'Accessories'}",Memorex Mini Travel Drive 32 GB USB 2.0 Flash Drive,160,8,0,62.4
7134,CA-2017-141439,11/26/2017,12/1/2017,Standard Class,TT-21460,Tonja Turnell,Home Office,United States,Richmond,Indiana,47374,Central,FUR-FU-10001473,"{'MainCategory': 'Furniture', 'SubCategory': 'Furnishings'}",DAX Wood Document Frame,27.46,2,0,9.8856
9949,CA-2017-121559,6/1/2017,6/3/2017,Second Class,HW-14935,Helen Wasserman,Corporate,United States,Indianapolis,Indiana,46203,Central,OFF-AP-10002945,"{'MainCategory': 'Office Supplies', 'SubCategory': 'Appliances'}",Honeywell Enviracaire Portable HEPA Air Cleaner for 17' x 22' Room,2405.2,8,0,793.716
6975,CA-2017-146185,9/15/2017,9/19/2017,Standard Class,CC-12145,Charles Crestani,Consumer,United States,Houston,Texas,77095,Central,OFF-AR-10002987,"{'MainCategory': 'Office Supplies', 'SubCategory': 'Art'}",Prismacolor Color Pencil Set,31.744,2,0.2,8.3328
2242,US-2016-126893,11/26/2016,12/1/2016,Standard Class,CT-11995,Carol Triggs,Consumer,United States,Philadelphia,Pennsylvania,19134,East,TEC-PH-10004165,"{'MainCategory': 'Technology', 'SubCategory': 'Phones'}",Mitel MiVoice 5330e IP Phone,494.982,3,0.4,-115.4958
5258,US-2017-114034,1/3/2017,1/8/2017,Standard Class,DL-13315,Delfina Latchford,Consumer,United States,Rancho Cucamonga,California,91730,West,OFF-PA-10004735,"{'MainCategory': 'Office Supplies', 'SubCategory': 'Paper'}",Xerox 1905,38.88,6,0,18.6624
1316,CA-2016-145919,12/18/2016,12/23/2016,Standard Class,HG-14965,Henry Goldwyn,Corporate,United States,Los Angeles,California,90032,West,FUR-FU-10004960,"{'MainCategory': 'Furniture', 'SubCategory': 'Furnishings'}","Seth Thomas 12"" Clock w/ Goldtone Case",183.84,8,0,62.5056
7450,CA-2017-105669,9/17/2017,9/22/2017,Second Class,SJ-20125,Sanjit Jacobs,Home Office,United States,Houston,Texas,77036,Central,OFF-AR-10000390,"{'MainCategory': 'Office Supplies', 'SubCategory': 'Art'}",Newell Chalk Holder,9.912,3,0.2,3.2214
874,CA-2014-148488,12/10/2014,12/15/2014,Standard Class,SM-20005,Sally Matthias,Consumer,United States,New York City,New York,10009,East,OFF-BI-10000315,"{'MainCategory': 'Office Supplies', 'SubCategory': 'Binders'}",Poly Designer Cover & Back,106.344,7,0.2,37.2204
3621,CA-2016-109743,9/22/2016,9/29/2016,Standard Class,SH-19975,Sally Hughsby,Corporate,United States,Smyrna,Tennessee,37167,South,OFF-AR-10003727,"{'MainCategory': 'Office Supplies', 'SubCategory': 'Art'}",Berol Giant Pencil Sharpener,40.776,3,0.2,4.5873
6796,CA-2015-145394,11/16/2015,11/20/2015,Standard Class,MC-17605,Matt Connell,Corporate,United States,Chicago,Illinois,60610,Central,FUR-FU-10001215,"{'MainCategory': 'Furniture', 'SubCategory': 'Furnishings'}","Howard Miller 11-1/2"" Diameter Brentwood Wall Clock",34.504,2,0.6,-15.5268
1830,CA-2014-103373,5/18/2014,5/24/2014,Standard Class,BS-11755,Bruce Stewart,Consumer,United States,Cleveland,Ohio,44105,East,TEC-PH-10002885,"{'MainCategory': 'Technology', 'SubCategory': 'Phones'}",Apple iPhone 5,779.796,2,0.4,-168.9558
3061,CA-2016-144554,11/7/2016,11/12/2016,Standard Class,DM-13345,Denise Monton,Corporate,United States,Newark,Ohio,43055,East,TEC-AC-10002800,"{'MainCategory': 'Technology', 'SubCategory': 'Accessories'}",Plantronics Audio 478 Stereo USB Headset,119.976,3,0.2,22.4955
8161,CA-2016-134138,2/16/2016,2/20/2016,Standard Class,JD-15790,John Dryer,Consumer,United States,Belleville,New Jersey,7109,East,FUR-CH-10001545,"{'MainCategory': 'Furniture', 'SubCategory': 'Chairs'}",Hon Comfortask Task/Swivel Chairs,227.96,2,0,36.4736
3336,US-2017-109253,8/21/2017,8/22/2017,First Class,PR-18880,Patrick Ryan,Consumer,United States,Oakland,California,94601,West,TEC-PH-10004667,"{'MainCategory': 'Technology', 'SubCategory': 'Phones'}",Cisco 8x8 Inc. 6753i IP Business Phone System,431.968,4,0.2,37.7972
4610,CA-2015-135020,5/28/2015,6/2/2015,Standard Class,MS-17770,Maxwell Schwartz,Consumer,United States,Rochester,New York,14609,East,OFF-PA-10004255,"{'MainCategory': 'Office Supplies', 'SubCategory': 'Paper'}",Xerox 219,45.36,7,0,21.7728
5098,US-2014-140452,12/6/2014,12/10/2014,Standard Class,BK-11260,Berenike Kampe,Consumer,United States,Chicago,Illinois,60610,Central,OFF-BI-10004965,"{'MainCategory': 'Office Supplies', 'SubCategory': 'Binders'}",Ibico Covers for Plastic or Wire Binding Elements,4.6,2,0.8,-8.05
1987,CA-2016-147417,7/25/2016,7/27/2016,First Class,CB-12415,Christy Brittain,Consumer,United States,Columbus,Ohio,43229,East,TEC-CO-10001449,"{'MainCategory': 'Technology', 'SubCategory': 'Copiers'}",Hewlett Packard LaserJet 3310 Copier,1439.976,4,0.4,191.9968
1441,CA-2017-122735,4/12/2017,4/15/2017,Second Class,BD-11320,Bill Donatelli,Consumer,United States,Providence,Rhode Island,2908,East,OFF-PA-10001712,"{'MainCategory': 'Office Supplies', 'SubCategory': 'Paper'}",Xerox 1948,39.96,4,0,17.982
8050,CA-2014-144974,9/26/2014,9/30/2014,Standard Class,CM-12715,Craig Molinari,Corporate,United States,Philadelphia,Pennsylvania,19140,East,OFF-BI-10003274,"{'MainCategory': 'Office Supplies', 'SubCategory': 'Binders'}","Avery Durable Slant Ring Binders, No Labels",5.97,5,0.7,-4.577
6673,CA-2015-153794,9/11/2015,9/16/2015,Standard Class,SB-20290,Sean Braxton,Corporate,United States,San Diego,California,92024,West,OFF-AR-10000380,"{'MainCategory': 'Office Supplies', 'SubCategory': 'Art'}","Hunt PowerHouse Electric Pencil Sharpener, Blue",265.86,7,0,79.758
6989,CA-2017-158561,11/11/2017,11/16/2017,Second Class,BB-11545,Brenda Bowman,Corporate,United States,Fort Lauderdale,Florida,33311,South,OFF-AP-10002651,"{'MainCategory': 'Office Supplies', 'SubCategory': 'Appliances'}",Hoover Upright Vacuum With Dirt Cup,1158.12,5,0.2,130.2885
6757,CA-2017-124205,9/15/2017,9/19/2017,Standard Class,TC-21145,Theresa Coyne,Corporate,United States,Lakewood,New Jersey,8701,East,FUR-CH-10003606,"{'MainCategory': 'Furniture', 'SubCategory': 'Chairs'}",SAFCO Folding Chair Trolley,512.96,4,0,143.6288
5051,CA-2015-150511,9/18/2015,9/24/2015,Standard Class,AB-10060,Adam Bellavance,Home Office,United States,Des Moines,Washington,98198,West,OFF-PA-10001776,"{'MainCategory': 'Office Supplies', 'SubCategory': 'Paper'}","Wirebound Message Books, Four 2 3/4"" x 5"" Forms per Page, 600 Sets per Book",18.54,2,0,8.7138
9772,CA-2016-123533,11/24/2016,11/30/2016,Standard Class,SC-20050,Sample Company A,Home Office,United States,Hialeah,Florida,33012,South,OFF-AP-10002765,"{'MainCategory': 'Office Supplies', 'SubCategory': 'Appliances'}",Fellowes Advanced Computer Series Surge Protectors,42.384,2,0.2,4.2384
2243,CA-2017-103380,11/21/2017,11/25/2017,Standard Class,BF-11005,Barry Franz,Home Office,United States,Pasadena,California,91104,West,OFF-ST-10003442,"{'MainCategory': 'Office Supplies', 'SubCategory': 'Storage'}",Eldon Portable Mobile Manager,56.56,2,0,15.2712
5237,CA-2014-166744,9/20/2014,9/24/2014,Standard Class,DN-13690,Duane Noonan,Consumer,United States,Columbia,Maryland,21044,East,FUR-FU-10004952,"{'MainCategory': 'Furniture', 'SubCategory': 'Furnishings'}","C-Line Cubicle Keepers Polyproplyene Holder w/Velcro Back, 8-1/2x11, 25/Bx",164.22,3,0,50.9082
1955,CA-2017-157987,9/2/2017,9/6/2017,Standard Class,AC-10615,Ann Chong,Corporate,United States,New York City,New York,10009,East,OFF-AR-10004582,"{'MainCategory': 'Office Supplies', 'SubCategory': 'Art'}",BIC Brite Liner Grip Highlighters,4.92,3,0,2.214
8878,CA-2017-126928,9/17/2017,9/23/2017,Standard Class,GZ-14470,Gary Zandusky,Consumer,United States,Morristown,New Jersey,7960,East,TEC-MA-10004626,"{'MainCategory': 'Technology', 'SubCategory': 'Machines'}",Lexmark 20R1285 X6650 Wireless All-in-One Printer,480,4,0,225.6
592,US-2016-156986,3/20/2016,3/24/2016,Standard Class,ZC-21910,Zuschuss Carroll,Consumer,United States,Salem,Oregon,97301,West,OFF-PA-10004101,"{'MainCategory': 'Office Supplies', 'SubCategory': 'Paper'}",Xerox 1894,10.368,2,0.2,3.6288
2287,CA-2017-165687,11/17/2017,11/23/2017,Standard Class,CS-12355,Christine Sundaresam,Consumer,United States,Salem,Virginia,24153,South,OFF-AP-10004036,"{'MainCategory': 'Office Supplies', 'SubCategory': 'Appliances'}",Bionaire 99.97% HEPA Air Cleaner,35.04,2,0,12.264
2044,US-2017-158946,11/18/2017,11/23/2017,Standard Class,JW-15220,Jane Waco,Corporate,United States,Lakewood,Ohio,44107,East,OFF-AR-10001860,"{'MainCategory': 'Office Supplies', 'SubCategory': 'Art'}",BIC Liqua Brite Liner,38.864,7,0.2,7.7728
2745,CA-2015-140144,6/20/2015,6/25/2015,Second Class,SC-20770,Stewart Carmichael,Corporate,United States,San Francisco,California,94122,West,TEC-PH-10002726,"{'MainCategory': 'Technology', 'SubCategory': 'Phones'}",netTALK DUO VoIP Telephone Service,125.976,3,0.2,47.241
3360,CA-2016-139234,5/6/2016,5/10/2016,Standard Class,AF-10870,Art Ferguson,Consumer,United States,Chicago,Illinois,60610,Central,TEC-AC-10004510,"{'MainCategory': 'Technology', 'SubCategory': 'Accessories'}",Logitech Desktop MK120 Mouse and keyboard Combo,26.176,2,0.2,-3.272
9967,CA-2016-146374,12/5/2016,12/10/2016,Second Class,HE-14800,Harold Engle,Corporate,United States,Newark,Delaware,19711,East,OFF-EN-10004483,"{'MainCategory': 'Office Supplies', 'SubCategory': 'Envelopes'}","#10 White Business Envelopes,4 1/8 x 9 1/2",109.69,7,0,51.5543
6936,CA-2017-137365,11/30/2017,12/3/2017,Second Class,BP-11095,Bart Pistole,Corporate,United States,El Paso,Texas,79907,Central,TEC-AC-10001767,"{'MainCategory': 'Technology', 'SubCategory': 'Accessories'}",SanDisk Ultra 64 GB MicroSDHC Class 10 Memory Card,95.976,3,0.2,-10.7973
9906,US-2015-129007,9/13/2015,9/15/2015,First Class,KD-16615,Ken Dana,Corporate,United States,Anaheim,California,92804,West,FUR-FU-10004973,"{'MainCategory': 'Furniture', 'SubCategory': 'Furnishings'}",Flat Face Poster Frame,131.88,7,0,55.3896
2073,CA-2016-129693,11/26/2016,12/2/2016,Standard Class,TC-20980,Tamara Chand,Corporate,United States,Seattle,Washington,98105,West,OFF-BI-10002954,"{'MainCategory': 'Office Supplies', 'SubCategory': 'Binders'}",Newell 3-Hole Punched Plastic Slotted Magazine Holders for Binders,7.312,2,0.2,2.5592
1062,CA-2015-161263,4/16/2015,4/21/2015,Standard Class,TS-21160,Theresa Swint,Corporate,United States,Toledo,Ohio,43615,East,OFF-AP-10002350,"{'MainCategory': 'Office Supplies', 'SubCategory': 'Appliances'}",Belkin F9H710-06 7 Outlet SurgeMaster Surge Protector,45.216,3,0.2,4.5216
8652,CA-2014-142769,9/13/2014,9/13/2014,Same Day,RP-19390,Resi P√∂lking,Consumer,United States,Seattle,Washington,98103,West,FUR-FU-10001918,"{'MainCategory': 'Furniture', 'SubCategory': 'Furnishings'}",C-Line Cubicle Keepers Polyproplyene Holder With Velcro Backings,14.19,3,0,5.5341
3796,US-2014-117163,1/27/2014,2/2/2014,Standard Class,EJ-13720,Ed Jacobs,Consumer,United States,San Diego,California,92037,West,FUR-TA-10003469,"{'MainCategory': 'Furniture', 'SubCategory': 'Tables'}",Balt Split Level Computer Training Table,333,3,0.2,-16.65
6962,CA-2017-162096,11/10/2017,11/10/2017,Same Day,TB-21190,Thomas Brumley,Home Office,United States,Riverside,California,92503,West,OFF-AR-10002221,"{'MainCategory': 'Office Supplies', 'SubCategory': 'Art'}",12 Colored Short Pencils,7.8,3,0,2.106
2379,CA-2015-148628,12/6/2015,12/11/2015,Standard Class,KM-16375,Katherine Murray,Home Office,United States,Thousand Oaks,California,91360,West,OFF-PA-10003883,"{'MainCategory': 'Office Supplies', 'SubCategory': 'Paper'}","Message Book, Phone, Wirebound Standard Line Memo, 2 3/4"" X 5""",32.75,5,0,15.065
323,CA-2014-156601,9/19/2014,9/24/2014,Standard Class,FA-14230,Frank Atkinson,Corporate,United States,Long Beach,California,90805,West,OFF-FA-10000624,"{'MainCategory': 'Office Supplies', 'SubCategory': 'Fasteners'}",OIC Binder Clips,7.16,2,0,3.58
3897,CA-2017-134285,12/7/2017,12/12/2017,Standard Class,DS-13180,David Smith,Corporate,United States,San Antonio,Texas,78207,Central,OFF-FA-10000611,"{'MainCategory': 'Office Supplies', 'SubCategory': 'Fasteners'}",Binder Clips by OIC,3.552,3,0.2,1.2432
9988,CA-2017-163629,11/17/2017,11/21/2017,Standard Class,RA-19885,Ruben Ausman,Corporate,United States,Athens,Georgia,30605,South,TEC-AC-10001539,"{'MainCategory': 'Technology', 'SubCategory': 'Accessories'}",Logitech G430 Surround Sound Gaming Headset with Dolby 7.1 Technology,79.99,1,0,28.7964
9879,US-2017-166324,4/20/2017,4/21/2017,First Class,BE-11455,Brad Eason,Home Office,United States,Cleveland,Ohio,44105,East,TEC-PH-10004080,"{'MainCategory': 'Technology', 'SubCategory': 'Phones'}",Avaya 5410 Digital phone,122.382,3,0.4,-24.4764
9819,CA-2015-162201,6/8/2015,6/12/2015,Standard Class,AG-10495,Andrew Gjertsen,Corporate,United States,Saint Petersburg,Florida,33710,South,OFF-AR-10003856,"{'MainCategory': 'Office Supplies', 'SubCategory': 'Art'}",Newell 344,4.448,2,0.2,0.3336
4184,US-2017-136868,10/6/2017,10/12/2017,Standard Class,CR-12820,Cyra Reiten,Home Office,United States,New York City,New York,10035,East,OFF-ST-10000991,"{'MainCategory': 'Office Supplies', 'SubCategory': 'Storage'}",Space Solutions HD Industrial Steel Shelving.,344.91,3,0,10.3473
9409,CA-2017-162789,9/22/2017,9/24/2017,Second Class,LC-17140,Logan Currie,Consumer,United States,New York City,New York,10035,East,FUR-FU-10004864,"{'MainCategory': 'Furniture', 'SubCategory': 'Furnishings'}",Eldon 500 Class Desk Accessories,12.07,1,0,3.9831
5222,CA-2017-117401,5/18/2017,5/22/2017,Second Class,PP-18955,Paul Prost,Home Office,United States,Springfield,Missouri,65807,Central,OFF-AP-10000938,"{'MainCategory': 'Office Supplies', 'SubCategory': 'Appliances'}",Avanti 1.7 Cu. Ft. Refrigerator,706.86,7,0,197.9208
5644,CA-2015-166604,5/15/2015,5/20/2015,Second Class,AH-10690,Anna H√§berlin,Corporate,United States,Roswell,Georgia,30076,South,OFF-EN-10004147,"{'MainCategory': 'Office Supplies', 'SubCategory': 'Envelopes'}",Wausau Papers Astrobrights Colored Envelopes,17.94,3,0,8.7906
4980,US-2016-131114,12/9/2016,12/13/2016,Second Class,RW-19630,Rob Williams,Corporate,United States,Chicago,Illinois,60610,Central,OFF-SU-10001664,"{'MainCategory': 'Office Supplies', 'SubCategory': 'Supplies'}",Acme Office Executive Series Stainless Steel Trimmers,20.568,3,0.2,1.5426
4192,CA-2015-129392,7/8/2015,7/8/2015,Same Day,DM-13015,Darrin Martin,Consumer,United States,Houston,Texas,77070,Central,OFF-PA-10004248,"{'MainCategory': 'Office Supplies', 'SubCategory': 'Paper'}",Xerox 1990,21.12,5,0.2,6.6
730,US-2016-150861,12/3/2016,12/6/2016,First Class,EG-13900,Emily Grady,Consumer,United States,Oceanside,New York,11572,East,OFF-ST-10004634,"{'MainCategory': 'Office Supplies', 'SubCategory': 'Storage'}","Personal Folder Holder, Ebony",33.63,3,0,10.089
2047,CA-2016-131835,7/17/2016,7/21/2016,Standard Class,MC-17590,Matt Collister,Corporate,United States,Perth Amboy,New Jersey,8861,East,TEC-PH-10001760,"{'MainCategory': 'Technology', 'SubCategory': 'Phones'}",Bose SoundLink Bluetooth Speaker,597,3,0,280.59
7511,US-2017-161935,7/14/2017,7/18/2017,Standard Class,JL-15835,John Lee,Consumer,United States,Columbus,Ohio,43229,East,OFF-ST-10003455,"{'MainCategory': 'Office Supplies', 'SubCategory': 'Storage'}","Tenex File Box, Personal Filing Tote with Lid, Black",62.04,5,0.2,4.653
4060,CA-2015-124058,11/20/2015,11/24/2015,Standard Class,LC-16885,Lena Creighton,Consumer,United States,Oakland,California,94601,West,FUR-CH-10000595,"{'MainCategory': 'Furniture', 'SubCategory': 'Chairs'}",Safco Contoured Stacking Chairs,572.16,3,0.2,35.76
1,CA-2016-152156,11/8/2016,11/11/2016,Second Class,CG-12520,Claire Gute,Consumer,United States,Henderson,Kentucky,42420,South,FUR-BO-10001798,"{'MainCategory': 'Furniture', 'SubCategory': 'Bookcases'}",Bush Somerset Collection Bookcase,261.96,2,0,41.9136
402,CA-2016-108987,9/8/2016,9/10/2016,Second Class,AG-10675,Anna Gayman,Consumer,United States,Houston,Texas,77036,Central,TEC-AC-10000158,"{'MainCategory': 'Technology', 'SubCategory': 'Accessories'}",Sony 64GB Class 10 Micro SDHC R40 Memory Card,57.584,2,0.2,0.7198
4588,US-2017-163790,11/2/2017,11/4/2017,Second Class,NL-18310,Nancy Lomonaco,Home Office,United States,Danville,California,94526,West,OFF-FA-10004838,"{'MainCategory': 'Office Supplies', 'SubCategory': 'Fasteners'}","Super Bands, 12/Pack",5.58,3,0,0.1674
7225,CA-2016-109953,7/14/2016,7/18/2016,Standard Class,RB-19360,Raymond Buch,Consumer,United States,San Francisco,California,94122,West,OFF-AP-10002998,"{'MainCategory': 'Office Supplies', 'SubCategory': 'Appliances'}",Holmes 99% HEPA Air Purifier,151.62,7,0,50.0346
8083,CA-2015-150714,10/26/2015,11/1/2015,Standard Class,KH-16690,Kristen Hastings,Corporate,United States,Springfield,Oregon,97477,West,OFF-AP-10003287,"{'MainCategory': 'Office Supplies', 'SubCategory': 'Appliances'}",Tripp Lite TLP810NET Broadband Surge for Modem/Fax,203.88,5,0.2,20.388
7282,CA-2017-159282,10/16/2017,10/21/2017,Standard Class,GH-14410,Gary Hansen,Home Office,United States,Yuma,Arizona,85364,West,TEC-MA-10001148,"{'MainCategory': 'Technology', 'SubCategory': 'Machines'}",Swingline SM12-08 MicroCut Jam Free Shredder,599.985,5,0.7,-479.988
1630,CA-2017-101049,6/21/2017,6/25/2017,Second Class,AS-10240,Alan Shonely,Consumer,United States,Cleveland,Ohio,44105,East,OFF-BI-10001510,"{'MainCategory': 'Office Supplies', 'SubCategory': 'Binders'}",Deluxe Heavy-Duty Vinyl Round Ring Binder,41.256,6,0.7,-34.38
8061,CA-2015-156013,9/20/2015,9/26/2015,Standard Class,TC-20980,Tamara Chand,Corporate,United States,Long Beach,New York,11561,East,OFF-PA-10001970,"{'MainCategory': 'Office Supplies', 'SubCategory': 'Paper'}",Xerox 1881,61.4,5,0,28.858
8767,CA-2015-107083,11/21/2015,11/27/2015,Standard Class,BB-11545,Brenda Bowman,Corporate,United States,Fort Worth,Texas,76106,Central,OFF-AP-10004136,"{'MainCategory': 'Office Supplies', 'SubCategory': 'Appliances'}",Kensington 6 Outlet SmartSocket Surge Protector,24.588,3,0.8,-67.617
7319,CA-2017-158120,11/17/2017,11/21/2017,Standard Class,KH-16330,Katharine Harms,Corporate,United States,Hillsboro,Oregon,97123,West,OFF-BI-10002813,"{'MainCategory': 'Office Supplies', 'SubCategory': 'Binders'}",Avery Reinforcements for Hole-Punch Pages,4.158,7,0.7,-3.465
7148,CA-2016-139941,6/12/2016,6/17/2016,Standard Class,CB-12415,Christy Brittain,Consumer,United States,Long Beach,New York,11561,East,OFF-PA-10000241,"{'MainCategory': 'Office Supplies', 'SubCategory': 'Paper'}","IBM Multi-Purpose Copy Paper, 8 1/2 x 11"", Case",92.94,3,0,41.823
8432,CA-2017-155621,11/8/2017,11/13/2017,Standard Class,KN-16450,Kean Nguyen,Corporate,United States,Baltimore,Maryland,21215,East,FUR-FU-10003535,"{'MainCategory': 'Furniture', 'SubCategory': 'Furnishings'}",Howard Miller Distant Time Traveler Alarm Clock,274.2,10,0,112.422
3735,CA-2017-168193,3/6/2017,3/11/2017,Second Class,RM-19750,Roland Murray,Consumer,United States,New York City,New York,10011,East,OFF-PA-10002254,"{'MainCategory': 'Office Supplies', 'SubCategory': 'Paper'}",Xerox 1883,26.38,1,0,12.1348
8132,CA-2014-127866,7/20/2014,7/23/2014,First Class,JD-15895,Jonathan Doherty,Corporate,United States,Riverside,California,92503,West,OFF-AR-10003481,"{'MainCategory': 'Office Supplies', 'SubCategory': 'Art'}",Newell 348,13.12,4,0,3.8048
8760,CA-2016-114307,7/22/2016,7/26/2016,Standard Class,MF-17665,Maureen Fritzler,Corporate,United States,Columbia,Maryland,21044,East,OFF-BI-10002012,"{'MainCategory': 'Office Supplies', 'SubCategory': 'Binders'}",Wilson Jones Easy Flow II Sheet Lifters,5.4,3,0,2.592
2980,CA-2015-139850,6/12/2015,6/17/2015,Standard Class,GB-14575,Giulietta Baptist,Consumer,United States,Philadelphia,Pennsylvania,19134,East,OFF-PA-10003848,"{'MainCategory': 'Office Supplies', 'SubCategory': 'Paper'}",Xerox 1997,20.736,4,0.2,7.2576
2041,CA-2015-122287,6/18/2015,6/23/2015,Standard Class,SN-20560,Skye Norling,Home Office,United States,Peoria,Arizona,85345,West,OFF-BI-10003707,"{'MainCategory': 'Office Supplies', 'SubCategory': 'Binders'}",Aluminum Screw Posts,9.156,2,0.7,-6.104
311,CA-2016-142902,9/12/2016,9/14/2016,Second Class,BP-11185,Ben Peterman,Corporate,United States,Arvada,Colorado,80004,West,FUR-CH-10004086,"{'MainCategory': 'Furniture', 'SubCategory': 'Chairs'}",Hon 4070 Series Pagoda Armless Upholstered Stacking Chairs,466.768,2,0.2,52.5114
3473,CA-2017-122644,11/12/2017,11/17/2017,Standard Class,SF-20965,Sylvia Foulston,Corporate,United States,Columbus,Ohio,43229,East,TEC-AC-10003614,"{'MainCategory': 'Technology', 'SubCategory': 'Accessories'}","Verbatim 25 GB 6x Blu-ray Single Layer Recordable Disc, 10/Pack",18.544,2,0.2,3.0134
7027,US-2017-101840,2/6/2017,2/12/2017,Standard Class,SP-20545,Sibella Parks,Corporate,United States,New York City,New York,10024,East,OFF-BI-10000279,"{'MainCategory': 'Office Supplies', 'SubCategory': 'Binders'}","Acco Recycled 2"" Capacity Laser Printer Hanging Data Binders",46.24,4,0.2,15.606
8974,CA-2017-159226,4/25/2017,4/27/2017,Second Class,RL-19615,Rob Lucas,Consumer,United States,Los Angeles,California,90008,West,FUR-BO-10004709,"{'MainCategory': 'Furniture', 'SubCategory': 'Bookcases'}","Bush Westfield Collection Bookcases, Medium Cherry Finish",344.981,7,0.15,28.4102
1586,CA-2015-131338,8/9/2015,8/12/2015,First Class,NP-18325,Naresj Patel,Consumer,United States,New York City,New York,10024,East,TEC-PH-10000984,"{'MainCategory': 'Technology', 'SubCategory': 'Phones'}",Panasonic KX-TG9471B,979.95,5,0,274.386
1058,CA-2017-167150,12/10/2017,12/17/2017,Standard Class,BP-11185,Ben Peterman,Corporate,United States,San Diego,California,92037,West,OFF-BI-10001097,"{'MainCategory': 'Office Supplies', 'SubCategory': 'Binders'}",Avery Hole Reinforcements,19.936,4,0.2,7.2268
815,CA-2017-143686,5/14/2017,5/14/2017,Same Day,PJ-19015,Pauline Johnson,Consumer,United States,Santa Ana,California,92704,West,TEC-AC-10001838,"{'MainCategory': 'Technology', 'SubCategory': 'Accessories'}",Razer Tiamat Over Ear 7.1 Surround Sound PC Gaming Headset,1399.93,7,0,601.9699
8730,CA-2015-103870,12/27/2015,12/31/2015,Standard Class,SP-20860,Sung Pak,Corporate,United States,Murfreesboro,Tennessee,37130,South,OFF-ST-10002562,"{'MainCategory': 'Office Supplies', 'SubCategory': 'Storage'}",Staple magnet,22.512,3,0.2,2.2512
7386,CA-2016-105732,9/13/2016,9/18/2016,Standard Class,AG-10270,Alejandro Grove,Consumer,United States,Omaha,Nebraska,68104,Central,OFF-PA-10001838,"{'MainCategory': 'Office Supplies', 'SubCategory': 'Paper'}","Adams Telephone Message Book W/Dividers/Space For Phone Numbers, 5 1/4""X8 1/2"", 300/Messages",17.64,3,0,8.6436
7244,CA-2017-118892,8/17/2017,8/22/2017,Second Class,TP-21415,Tom Prescott,Consumer,United States,Philadelphia,Pennsylvania,19134,East,FUR-CH-10002024,"{'MainCategory': 'Furniture', 'SubCategory': 'Chairs'}",HON 5400 Series Task Chairs for Big and Tall,4416.174,9,0.3,-630.882
2238,CA-2016-122322,7/15/2016,7/21/2016,Standard Class,RH-19510,Rick Huthwaite,Home Office,United States,Provo,Utah,84604,West,OFF-SU-10000952,"{'MainCategory': 'Office Supplies', 'SubCategory': 'Supplies'}",Fiskars Home & Office Scissors,44.4,5,0,12.432
5365,CA-2014-123477,1/18/2014,1/21/2014,Second Class,DW-13195,David Wiener,Corporate,United States,Springfield,Oregon,97477,West,OFF-AP-10000692,"{'MainCategory': 'Office Supplies', 'SubCategory': 'Appliances'}",Fellowes Mighty 8 Compact Surge Protector,64.864,4,0.2,6.4864
1708,CA-2017-123491,10/30/2017,11/5/2017,Standard Class,JK-15205,Jamie Kunitz,Consumer,United States,San Francisco,California,94122,West,TEC-PH-10003505,"{'MainCategory': 'Technology', 'SubCategory': 'Phones'}",Geemarc AmpliPOWER60,148.48,2,0.2,16.704
1339,CA-2017-100524,3/31/2017,4/2/2017,Second Class,CM-12115,Chad McGuire,Consumer,United States,New York City,New York,10011,East,TEC-PH-10002549,"{'MainCategory': 'Technology', 'SubCategory': 'Phones'}",Polycom SoundPoint IP 450 VoIP phone,677.58,3,0,176.1708
3103,CA-2017-119578,12/22/2017,12/27/2017,Second Class,JG-15310,Jason Gross,Corporate,United States,Providence,Rhode Island,2908,East,FUR-BO-10003660,"{'MainCategory': 'Furniture', 'SubCategory': 'Bookcases'}","Bush Cubix Collection Bookcases, Fully Assembled",220.98,1,0,50.8254
3818,CA-2015-102582,9/15/2015,9/19/2015,Standard Class,NW-18400,Natalie Webber,Consumer,United States,Mobile,Alabama,36608,South,TEC-PH-10003187,"{'MainCategory': 'Technology', 'SubCategory': 'Phones'}",Anker Astro Mini 3000mAh Ultra-Compact Portable Charger,59.97,3,0,0
6813,CA-2017-156237,9/14/2017,9/15/2017,First Class,PS-18760,Pamela Stobb,Consumer,United States,Philadelphia,Pennsylvania,19140,East,OFF-BI-10003707,"{'MainCategory': 'Office Supplies', 'SubCategory': 'Binders'}",Aluminum Screw Posts,18.312,4,0.7,-12.208
9739,CA-2017-129294,3/16/2017,3/21/2017,Standard Class,KD-16615,Ken Dana,Corporate,United States,Los Angeles,California,90032,West,OFF-BI-10004236,"{'MainCategory': 'Office Supplies', 'SubCategory': 'Binders'}","XtraLife ClearVue Slant-D Ring Binder, White, 3""",70.464,6,0.2,22.9008
3687,CA-2016-102792,12/13/2016,12/19/2016,Standard Class,JC-15340,Jasper Cacioppo,Consumer,United States,Riverside,California,92503,West,OFF-AR-10004757,"{'MainCategory': 'Office Supplies', 'SubCategory': 'Art'}",Crayola Colored Pencils,9.84,3,0,3.2472
3814,CA-2015-103961,11/5/2015,11/9/2015,Standard Class,NG-18430,Nathan Gelder,Consumer,United States,Quincy,Illinois,62301,Central,OFF-LA-10004484,"{'MainCategory': 'Office Supplies', 'SubCategory': 'Labels'}",Avery 476,19.824,6,0.2,6.4428
7295,CA-2015-148964,5/26/2015,5/31/2015,Standard Class,RD-19900,Ruben Dartt,Consumer,United States,Bellevue,Washington,98006,West,FUR-FU-10003849,"{'MainCategory': 'Furniture', 'SubCategory': 'Furnishings'}","DAX Metal Frame, Desktop, Stepped-Edge",20.24,1,0,7.8936
7920,CA-2017-139822,9/15/2017,9/21/2017,Standard Class,Dp-13240,Dean percer,Home Office,United States,Waterbury,Connecticut,6708,East,OFF-ST-10000943,"{'MainCategory': 'Office Supplies', 'SubCategory': 'Storage'}",Eldon ProFile File 'N Store Portable File Tub Letter/Legal Size Black,38.62,2,0,10.8136
9343,CA-2016-119123,3/13/2016,3/18/2016,Standard Class,DB-13360,Dennis Bolton,Home Office,United States,Riverside,California,92503,West,OFF-BI-10001036,"{'MainCategory': 'Office Supplies', 'SubCategory': 'Binders'}",Cardinal EasyOpen D-Ring Binders,51.184,7,0.2,19.194
7309,CA-2016-144092,11/5/2016,11/7/2016,Second Class,LH-17155,Logan Haushalter,Consumer,United States,San Jose,California,95123,West,OFF-EN-10001434,"{'MainCategory': 'Office Supplies', 'SubCategory': 'Envelopes'}","Strathmore #10 Envelopes, Ultimate White",158.13,3,0,77.4837
8918,US-2016-144057,5/9/2016,5/13/2016,Standard Class,CV-12805,Cynthia Voltz,Corporate,United States,Austin,Texas,78745,Central,OFF-PA-10004327,"{'MainCategory': 'Office Supplies', 'SubCategory': 'Paper'}",Xerox 1911,76.64,2,0.2,26.824
7808,US-2016-137295,1/8/2016,1/13/2016,Standard Class,VS-21820,Vivek Sundaresam,Consumer,United States,Raleigh,North Carolina,27604,South,OFF-BI-10004236,"{'MainCategory': 'Office Supplies', 'SubCategory': 'Binders'}","XtraLife ClearVue Slant-D Ring Binder, White, 3""",30.828,7,0.7,-24.6624
6361,CA-2015-115693,12/10/2015,12/15/2015,Standard Class,FC-14245,Frank Carlisle,Home Office,United States,Los Angeles,California,90032,West,OFF-AR-10003582,"{'MainCategory': 'Office Supplies', 'SubCategory': 'Art'}","Boston Electric Pencil Sharpener, Model 1818, Charcoal Black",56.3,2,0,15.764
6820,CA-2017-163860,12/28/2017,1/1/2018,Standard Class,LO-17170,Lori Olson,Corporate,United States,Peoria,Illinois,61604,Central,FUR-FU-10004586,"{'MainCategory': 'Furniture', 'SubCategory': 'Furnishings'}",G.E. Longer-Life Indoor Recessed Floodlight Bulbs,7.968,3,0.6,-2.3904
9179,CA-2016-166618,11/14/2016,11/18/2016,Standard Class,DP-13000,Darren Powers,Consumer,United States,New York City,New York,10035,East,OFF-AR-10001725,"{'MainCategory': 'Office Supplies', 'SubCategory': 'Art'}",Boston Home & Office Model 2000 Electric Pencil Sharpeners,23.65,1,0,6.149
9354,CA-2017-148411,9/24/2017,9/26/2017,First Class,RO-19780,Rose O'Brian,Consumer,United States,Chicago,Illinois,60623,Central,OFF-PA-10002109,"{'MainCategory': 'Office Supplies', 'SubCategory': 'Paper'}",Wirebound Voice Message Log Book,11.424,3,0.2,3.7128
9982,CA-2017-163566,8/3/2017,8/6/2017,First Class,TB-21055,Ted Butterfield,Consumer,United States,Fairfield,Ohio,45014,East,OFF-LA-10004484,"{'MainCategory': 'Office Supplies', 'SubCategory': 'Labels'}",Avery 476,16.52,5,0.2,5.369
2997,CA-2014-138317,6/21/2014,6/25/2014,Standard Class,NW-18400,Natalie Webber,Consumer,United States,Philadelphia,Pennsylvania,19120,East,OFF-EN-10001539,"{'MainCategory': 'Office Supplies', 'SubCategory': 'Envelopes'}",Staple envelope,24.896,4,0.2,8.4024
6214,CA-2017-149944,11/12/2017,11/16/2017,Second Class,MB-17305,Maria Bertelson,Consumer,United States,Longview,Washington,98632,West,OFF-AP-10004708,"{'MainCategory': 'Office Supplies', 'SubCategory': 'Appliances'}",Fellowes Superior 10 Outlet Split Surge Protector,76.12,2,0,22.0748
5030,CA-2017-139304,1/29/2017,2/2/2017,Standard Class,VG-21790,Vivek Gonzalez,Consumer,United States,San Francisco,California,94109,West,OFF-AR-10001216,"{'MainCategory': 'Office Supplies', 'SubCategory': 'Art'}",Newell 339,8.34,3,0,2.1684
175,US-2014-100853,9/14/2014,9/19/2014,Standard Class,JB-15400,Jennifer Braxton,Corporate,United States,Chicago,Illinois,60623,Central,OFF-AP-10000891,"{'MainCategory': 'Office Supplies', 'SubCategory': 'Appliances'}",Kensington 7 Outlet MasterPiece HOMEOFFICE Power Control Center,52.448,2,0.8,-131.12
8406,CA-2017-140480,7/8/2017,7/12/2017,Standard Class,HE-14800,Harold Engle,Corporate,United States,Newark,Delaware,19711,East,TEC-AC-10002473,"{'MainCategory': 'Technology', 'SubCategory': 'Accessories'}",Maxell 4.7GB DVD-R,141.9,5,0,58.179
2468,CA-2017-128755,5/4/2017,5/8/2017,Standard Class,MK-18160,Mike Kennedy,Consumer,United States,Newport News,Virginia,23602,South,OFF-ST-10003306,"{'MainCategory': 'Office Supplies', 'SubCategory': 'Storage'}",Letter Size Cart,571.44,4,0,165.7176
3597,CA-2014-102869,9/9/2014,9/14/2014,Second Class,LC-17140,Logan Currie,Consumer,United States,Philadelphia,Pennsylvania,19140,East,OFF-PA-10000788,"{'MainCategory': 'Office Supplies', 'SubCategory': 'Paper'}",Xerox 210,15.552,3,0.2,5.4432
1642,CA-2016-157266,5/26/2016,6/1/2016,Standard Class,TB-21280,Toby Braunhardt,Consumer,United States,Washington,District of Columbia,20016,East,FUR-FU-10000629,"{'MainCategory': 'Furniture', 'SubCategory': 'Furnishings'}",9-3/4 Diameter Round Wall Clock,41.37,3,0,17.3754
423,CA-2017-125388,10/19/2017,10/23/2017,Standard Class,MP-17965,Michael Paige,Corporate,United States,Lawrence,Massachusetts,1841,East,FUR-FU-10004712,"{'MainCategory': 'Furniture', 'SubCategory': 'Furnishings'}","Westinghouse Mesh Shade Clip-On Gooseneck Lamp, Black",56.56,4,0,14.7056
3568,CA-2016-137176,9/9/2016,9/14/2016,Second Class,DB-12910,Daniel Byrd,Home Office,United States,Dallas,Texas,75220,Central,FUR-FU-10003832,"{'MainCategory': 'Furniture', 'SubCategory': 'Furnishings'}","Eldon Expressions Punched Metal & Wood Desk Accessories, Black & Cherry",15.008,4,0.6,-12.0064
9592,US-2016-105452,7/28/2016,8/1/2016,Standard Class,BF-11005,Barry Franz,Home Office,United States,Pasadena,Texas,77506,Central,FUR-FU-10003691,"{'MainCategory': 'Furniture', 'SubCategory': 'Furnishings'}","Eldon Image Series Desk Accessories, Ebony",24.7,5,0.6,-9.88
9821,CA-2015-162201,6/8/2015,6/12/2015,Standard Class,AG-10495,Andrew Gjertsen,Corporate,United States,Saint Petersburg,Florida,33710,South,OFF-PA-10001215,"{'MainCategory': 'Office Supplies', 'SubCategory': 'Paper'}",Xerox 1963,42.24,10,0.2,13.2
2939,US-2016-169040,12/6/2016,12/12/2016,Standard Class,GT-14710,Greg Tran,Consumer,United States,Seattle,Washington,98105,West,OFF-PA-10000482,"{'MainCategory': 'Office Supplies', 'SubCategory': 'Paper'}","Snap-A-Way Black Print Carbonless Ruled Speed Letter, Triplicate",189.7,5,0,89.159
2844,CA-2017-112865,5/18/2017,5/22/2017,Standard Class,BH-11710,Brosina Hoffman,Consumer,United States,Philadelphia,Pennsylvania,19140,East,TEC-AC-10000387,"{'MainCategory': 'Technology', 'SubCategory': 'Accessories'}",KeyTronic¬†KT800P2 -¬†Keyboard¬†- Black,36.048,3,0.2,-0.9012
6495,CA-2017-111262,10/28/2017,11/1/2017,Second Class,KH-16510,Keith Herrera,Consumer,United States,Houston,Texas,77095,Central,TEC-AC-10002167,"{'MainCategory': 'Technology', 'SubCategory': 'Accessories'}",Imation¬†8gb Micro Traveldrive Usb 2.0¬†Flash Drive,24,2,0.2,-2.7
4931,US-2014-138828,9/2/2014,9/3/2014,First Class,KD-16345,Katherine Ducich,Consumer,United States,New York City,New York,10009,East,OFF-PA-10000349,"{'MainCategory': 'Office Supplies', 'SubCategory': 'Paper'}",Easy-staple paper,14.94,3,0,7.0218
5507,US-2016-162026,10/8/2016,10/8/2016,Same Day,JE-15745,Joel Eaton,Consumer,United States,Los Angeles,California,90036,West,OFF-PA-10000167,"{'MainCategory': 'Office Supplies', 'SubCategory': 'Paper'}",Xerox 1925,61.96,2,0,27.882
9538,CA-2016-148747,9/25/2016,9/27/2016,First Class,AS-10045,Aaron Smayling,Corporate,United States,San Francisco,California,94110,West,FUR-BO-10002613,"{'MainCategory': 'Furniture', 'SubCategory': 'Bookcases'}","Atlantic Metals Mobile 4-Shelf Bookcases, Custom Colors",477.666,2,0.15,84.294
57,CA-2016-111682,6/17/2016,6/18/2016,First Class,TB-21055,Ted Butterfield,Consumer,United States,Troy,New York,12180,East,OFF-PA-10001569,"{'MainCategory': 'Office Supplies', 'SubCategory': 'Paper'}",Xerox 232,32.4,5,0,15.552
6826,CA-2016-118689,10/2/2016,10/9/2016,Standard Class,TC-20980,Tamara Chand,Corporate,United States,Lafayette,Indiana,47905,Central,OFF-ST-10001558,"{'MainCategory': 'Office Supplies', 'SubCategory': 'Storage'}",Acco Perma 4000 Stacking Storage Drawers,32.48,2,0,4.872
5437,CA-2014-103317,7/5/2014,7/8/2014,First Class,DM-13525,Don Miller,Corporate,United States,Palm Coast,Florida,32137,South,FUR-FU-10001591,"{'MainCategory': 'Furniture', 'SubCategory': 'Furnishings'}",Advantus Panel Wall Certificate Holder - 8.5x11,19.52,2,0.2,5.368
6100,CA-2017-100111,9/20/2017,9/26/2017,Standard Class,SV-20365,Seth Vernon,Consumer,United States,New York City,New York,10035,East,FUR-CH-10004086,"{'MainCategory': 'Furniture', 'SubCategory': 'Chairs'}",Hon 4070 Series Pagoda Armless Upholstered Stacking Chairs,2888.127,11,0.1,609.7157
9413,CA-2015-164777,1/27/2015,1/29/2015,First Class,SC-20305,Sean Christensen,Consumer,United States,Los Angeles,California,90036,West,FUR-CH-10002024,"{'MainCategory': 'Furniture', 'SubCategory': 'Chairs'}",HON 5400 Series Task Chairs for Big and Tall,2803.92,5,0.2,0
8036,CA-2015-119690,6/25/2015,6/28/2015,First Class,MV-17485,Mark Van Huff,Consumer,United States,Houston,Texas,77041,Central,OFF-LA-10001613,"{'MainCategory': 'Office Supplies', 'SubCategory': 'Labels'}",Avery File Folder Labels,4.608,2,0.2,1.6704
2682,CA-2017-127026,1/21/2017,1/27/2017,Standard Class,MH-18115,Mick Hernandez,Home Office,United States,Jackson,Michigan,49201,Central,OFF-BI-10001196,"{'MainCategory': 'Office Supplies', 'SubCategory': 'Binders'}","Avery Flip-Chart Easel Binder, Black",89.52,4,0,42.0744
3348,CA-2015-112014,8/13/2015,8/20/2015,Standard Class,ON-18715,Odella Nelson,Corporate,United States,Yucaipa,California,92399,West,OFF-AR-10003156,"{'MainCategory': 'Office Supplies', 'SubCategory': 'Art'}",50 Colored Long Pencils,50.8,5,0,13.208
3440,CA-2017-152583,10/30/2017,10/30/2017,Same Day,RA-19945,Ryan Akin,Consumer,United States,Dallas,Texas,75217,Central,OFF-ST-10002214,"{'MainCategory': 'Office Supplies', 'SubCategory': 'Storage'}",X-Rack File for Hanging Folders,54.192,6,0.2,4.0644
9122,CA-2017-122007,3/18/2017,3/20/2017,Second Class,JK-15325,Jason Klamczynski,Corporate,United States,Los Angeles,California,90032,West,OFF-AP-10000358,"{'MainCategory': 'Office Supplies', 'SubCategory': 'Appliances'}",Fellowes Basic Home/Office Series Surge Protectors,90.86,7,0,26.3494
4540,CA-2015-104129,2/27/2015,3/2/2015,Standard Class,ES-14080,Erin Smith,Corporate,United States,Providence,Rhode Island,2908,East,TEC-PH-10003800,"{'MainCategory': 'Technology', 'SubCategory': 'Phones'}",i.Sound Portable Power - 8000 mAh,105.98,2,0,1.0598
1464,CA-2016-152289,8/26/2016,8/28/2016,First Class,LC-16930,Linda Cazamias,Corporate,United States,Pasadena,Texas,77506,Central,FUR-CH-10002126,"{'MainCategory': 'Furniture', 'SubCategory': 'Chairs'}",Hon Deluxe Fabric Upholstered Stacking Chairs,1024.716,6,0.3,-29.2776
8551,CA-2015-121132,7/17/2015,7/24/2015,Standard Class,VB-21745,Victoria Brennan,Corporate,United States,Houston,Texas,77041,Central,OFF-LA-10002368,"{'MainCategory': 'Office Supplies', 'SubCategory': 'Labels'}",Avery 479,6.264,3,0.2,2.0358
9724,CA-2014-101364,12/22/2014,12/26/2014,Standard Class,TW-21025,Tamara Willingham,Home Office,United States,New York City,New York,10011,East,OFF-BI-10003984,"{'MainCategory': 'Office Supplies', 'SubCategory': 'Binders'}",Lock-Up Easel 'Spel-Binder',296.712,13,0.2,100.1403
1176,CA-2016-161207,8/29/2016,9/3/2016,Standard Class,AB-10060,Adam Bellavance,Home Office,United States,Concord,New Hampshire,3301,East,OFF-SU-10000381,"{'MainCategory': 'Office Supplies', 'SubCategory': 'Supplies'}",Acme Forged Steel Scissors with Black Enamel Handles,27.93,3,0,8.0997
5262,CA-2014-105165,9/7/2014,9/10/2014,First Class,SZ-20035,Sam Zeldin,Home Office,United States,Houston,Texas,77036,Central,OFF-BI-10000050,"{'MainCategory': 'Office Supplies', 'SubCategory': 'Binders'}","Angle-D Binders with Locking Rings, Label Holders",2.92,2,0.8,-4.818
2917,CA-2015-134747,10/12/2015,10/17/2015,Second Class,DL-12925,Daniel Lacy,Consumer,United States,Noblesville,Indiana,46060,Central,TEC-PH-10001750,"{'MainCategory': 'Technology', 'SubCategory': 'Phones'}",Samsung Rugby III,263.96,4,0,71.2692
7498,CA-2017-121048,7/14/2017,7/18/2017,Standard Class,TC-21295,Toby Carlisle,Consumer,United States,Westminster,California,92683,West,OFF-FA-10000490,"{'MainCategory': 'Office Supplies', 'SubCategory': 'Fasteners'}","OIC Binder Clips, Mini, 1/4"" Capacity, Black",4.96,4,0,2.3312
1638,CA-2014-168984,11/26/2014,12/2/2014,Standard Class,NW-18400,Natalie Webber,Consumer,United States,Tigard,Oregon,97224,West,TEC-PH-10000038,"{'MainCategory': 'Technology', 'SubCategory': 'Phones'}",Jawbone MINI JAMBOX Wireless Bluetooth Speaker,438.336,4,0.2,-87.6672
5277,CA-2017-147333,12/14/2017,12/20/2017,Standard Class,KL-16555,Kelly Lampkin,Corporate,United States,Fayetteville,Arkansas,72701,South,TEC-AC-10003038,"{'MainCategory': 'Technology', 'SubCategory': 'Accessories'}",Kingston Digital DataTraveler 16GB USB 2.0,44.75,5,0,8.5025
6699,CA-2017-145429,7/21/2017,7/25/2017,Standard Class,SW-20455,Shaun Weien,Consumer,United States,San Diego,California,92024,West,OFF-PA-10003205,"{'MainCategory': 'Office Supplies', 'SubCategory': 'Paper'}","Wirebound Message Forms, Four 2 3/4 x 5 Forms per Page, Pink Paper",16.34,2,0,7.6798
1997,US-2017-147221,12/2/2017,12/4/2017,Second Class,JS-16030,Joy Smith,Consumer,United States,Houston,Texas,77036,Central,FUR-FU-10004020,"{'MainCategory': 'Furniture', 'SubCategory': 'Furnishings'}",Advantus Panel Wall Acrylic Frame,8.752,4,0.6,-3.7196
8377,CA-2017-156272,3/21/2017,3/27/2017,Standard Class,PW-19030,Pauline Webber,Corporate,United States,Pompano Beach,Florida,33068,South,OFF-AP-10001242,"{'MainCategory': 'Office Supplies', 'SubCategory': 'Appliances'}",APC 7 Outlet Network SurgeArrest Surge Protector,64.384,1,0.2,8.048
8088,CA-2016-106621,9/29/2016,10/1/2016,Second Class,DM-12955,Dario Medina,Corporate,United States,Yuma,Arizona,85364,West,OFF-AR-10002375,"{'MainCategory': 'Office Supplies', 'SubCategory': 'Art'}",Newell 351,10.496,4,0.2,1.1808
203,CA-2014-133690,8/3/2014,8/5/2014,First Class,BS-11755,Bruce Stewart,Consumer,United States,Denver,Colorado,80219,West,OFF-AP-10003622,"{'MainCategory': 'Office Supplies', 'SubCategory': 'Appliances'}","Bravo II Megaboss 12-Amp Hard Body Upright, Replacement Belts, 2 Belts per Pack",2.6,1,0.2,0.2925
8472,US-2017-132031,4/23/2017,4/27/2017,Standard Class,PN-18775,Parhena Norris,Home Office,United States,Clarksville,Tennessee,37042,South,FUR-FU-10000193,"{'MainCategory': 'Furniture', 'SubCategory': 'Furnishings'}",Tenex Chairmats For Use with Hard Floors,77.952,3,0.2,-11.6928
2748,US-2015-165449,11/22/2015,11/26/2015,Standard Class,AP-10720,Anne Pryor,Home Office,United States,Frisco,Texas,75034,Central,TEC-AC-10004127,"{'MainCategory': 'Technology', 'SubCategory': 'Accessories'}",SanDisk Cruzer 8 GB USB Flash Drive,27.168,4,0.2,-1.3584
4946,CA-2016-151372,9/5/2016,9/6/2016,First Class,JH-15985,Joseph Holt,Consumer,United States,Redondo Beach,California,90278,West,OFF-BI-10000050,"{'MainCategory': 'Office Supplies', 'SubCategory': 'Binders'}","Angle-D Binders with Locking Rings, Label Holders",11.68,2,0.2,3.942
7699,CA-2017-151799,12/14/2017,12/18/2017,Standard Class,BF-11170,Ben Ferrer,Home Office,United States,Lawrence,Massachusetts,1841,East,OFF-ST-10002790,"{'MainCategory': 'Office Supplies', 'SubCategory': 'Storage'}",Safco Industrial Shelving,73.85,1,0,2.2155
4144,CA-2017-112725,1/30/2017,2/6/2017,Standard Class,EH-14125,Eugene Hildebrand,Home Office,United States,San Francisco,California,94110,West,OFF-AR-10003759,"{'MainCategory': 'Office Supplies', 'SubCategory': 'Art'}","Crayola Anti Dust Chalk, 12/Pack",12.74,7,0,5.733
2605,CA-2016-165848,6/4/2016,6/4/2016,Same Day,EN-13780,Edward Nazzal,Consumer,United States,New York City,New York,10035,East,FUR-FU-10003878,"{'MainCategory': 'Furniture', 'SubCategory': 'Furnishings'}","Linden 10"" Round Wall Clock, Black",61.12,4,0,20.7808
2069,CA-2015-133452,4/13/2015,4/19/2015,Standard Class,ZC-21910,Zuschuss Carroll,Consumer,United States,Pomona,California,91767,West,TEC-AC-10002800,"{'MainCategory': 'Technology', 'SubCategory': 'Accessories'}",Plantronics Audio 478 Stereo USB Headset,199.96,4,0,69.986
4292,CA-2017-102407,12/9/2017,12/13/2017,Second Class,AT-10435,Alyssa Tate,Home Office,United States,Los Angeles,California,90004,West,FUR-TA-10003748,"{'MainCategory': 'Furniture', 'SubCategory': 'Tables'}",Bevis 36 x 72 Conference Tables,896.328,9,0.2,22.4082
2823,CA-2017-131016,9/18/2017,9/20/2017,First Class,DC-12850,Dan Campbell,Consumer,United States,Arlington,Texas,76017,Central,OFF-AR-10000122,"{'MainCategory': 'Office Supplies', 'SubCategory': 'Art'}",Newell 314,8.928,2,0.2,0.558
8663,CA-2015-131856,5/12/2015,5/17/2015,Standard Class,JG-15160,James Galang,Consumer,United States,Houston,Texas,77041,Central,TEC-PH-10001336,"{'MainCategory': 'Technology', 'SubCategory': 'Phones'}",Digium D40 VoIP phone,619.152,6,0.2,69.6546
8695,US-2014-112795,8/23/2014,8/28/2014,Second Class,CR-12625,Corey Roper,Home Office,United States,Grand Rapids,Michigan,49505,Central,OFF-PA-10001934,"{'MainCategory': 'Office Supplies', 'SubCategory': 'Paper'}",Xerox 1993,19.44,3,0,9.5256
2812,CA-2015-135685,11/16/2015,11/18/2015,Second Class,MP-18175,Mike Pelletier,Home Office,United States,Milwaukee,Wisconsin,53209,Central,FUR-FU-10001185,"{'MainCategory': 'Furniture', 'SubCategory': 'Furnishings'}","Advantus Employee of the Month Certificate Frame, 11 x 13-1/2",185.58,6,0,76.0878
8837,US-2017-132675,9/24/2017,9/28/2017,Standard Class,KF-16285,Karen Ferguson,Home Office,United States,Sandy Springs,Georgia,30328,South,OFF-AR-10000034,"{'MainCategory': 'Office Supplies', 'SubCategory': 'Art'}","BIC Brite Liner Grip Highlighters, Assorted, 5/Pack",12.72,3,0,4.9608
3483,CA-2014-124688,8/27/2014,8/29/2014,First Class,CC-12610,Corey Catlett,Corporate,United States,Springfield,Virginia,22153,South,TEC-PH-10000455,"{'MainCategory': 'Technology', 'SubCategory': 'Phones'}",GE 30522EE2,579.95,5,0,168.1855
134,CA-2016-145583,10/13/2016,10/19/2016,Standard Class,LC-16885,Lena Creighton,Consumer,United States,Roseville,California,95661,West,OFF-PA-10001804,"{'MainCategory': 'Office Supplies', 'SubCategory': 'Paper'}",Xerox 195,20.04,3,0,9.6192
2834,CA-2017-134649,1/26/2017,1/31/2017,Second Class,CA-11965,Carol Adams,Corporate,United States,Hoover,Alabama,35244,South,OFF-AR-10001547,"{'MainCategory': 'Office Supplies', 'SubCategory': 'Art'}",Newell 311,15.47,7,0,4.1769
4589,US-2017-163790,11/2/2017,11/4/2017,Second Class,NL-18310,Nancy Lomonaco,Home Office,United States,Danville,California,94526,West,FUR-FU-10002508,"{'MainCategory': 'Furniture', 'SubCategory': 'Furnishings'}",Document Clip Frames,25.02,3,0,10.5084
9954,CA-2015-141593,12/14/2015,12/16/2015,Second Class,DB-12970,Darren Budd,Corporate,United States,Los Angeles,California,90045,West,OFF-PA-10004983,"{'MainCategory': 'Office Supplies', 'SubCategory': 'Paper'}",Xerox 23,6.48,1,0,3.1104
5119,CA-2015-127173,9/26/2015,10/3/2015,Standard Class,GM-14500,Gene McClure,Consumer,United States,Oceanside,New York,11572,East,TEC-MA-10002859,"{'MainCategory': 'Technology', 'SubCategory': 'Machines'}",Ativa MDM8000 8-Sheet Micro-Cut Shredder,629.93,7,0,296.0671
9119,CA-2017-153045,1/19/2017,1/24/2017,Second Class,NS-18505,Neola Schneider,Consumer,United States,Philadelphia,Pennsylvania,19140,East,OFF-PA-10003673,"{'MainCategory': 'Office Supplies', 'SubCategory': 'Paper'}",Strathmore Photo Mount Cards,21.696,4,0.2,7.0512
5020,CA-2014-127558,11/15/2014,11/18/2014,First Class,SS-20410,Shahid Shariari,Consumer,United States,Los Angeles,California,90008,West,OFF-SU-10002537,"{'MainCategory': 'Office Supplies', 'SubCategory': 'Supplies'}",Acme Box Cutter Scissors,20.46,2,0,5.3196
5123,CA-2014-149538,4/4/2014,4/8/2014,Standard Class,KB-16585,Ken Black,Corporate,United States,Lafayette,Louisiana,70506,South,OFF-PA-10003797,"{'MainCategory': 'Office Supplies', 'SubCategory': 'Paper'}",Xerox 209,19.44,3,0,9.3312
6116,CA-2016-133802,3/14/2016,3/20/2016,Standard Class,SP-20650,Stephanie Phelps,Corporate,United States,Redwood City,California,94061,West,OFF-BI-10003291,"{'MainCategory': 'Office Supplies', 'SubCategory': 'Binders'}",Wilson Jones Leather-Like Binders with DublLock Round Rings,41.904,6,0.2,14.1426
17,CA-2014-105893,11/11/2014,11/18/2014,Standard Class,PK-19075,Pete Kriz,Consumer,United States,Madison,Wisconsin,53711,Central,OFF-ST-10004186,"{'MainCategory': 'Office Supplies', 'SubCategory': 'Storage'}","Stur-D-Stor Shelving, Vertical 5-Shelf: 72""H x 36""W x 18 1/2""D",665.88,6,0,13.3176
902,CA-2017-150959,11/11/2017,11/13/2017,First Class,TD-20995,Tamara Dahlen,Consumer,United States,Garland,Texas,75043,Central,OFF-BI-10001510,"{'MainCategory': 'Office Supplies', 'SubCategory': 'Binders'}",Deluxe Heavy-Duty Vinyl Round Ring Binder,18.336,4,0.8,-32.088
3879,CA-2014-151001,4/5/2014,4/7/2014,First Class,JG-15805,John Grady,Corporate,United States,Decatur,Illinois,62521,Central,OFF-ST-10003455,"{'MainCategory': 'Office Supplies', 'SubCategory': 'Storage'}","Tenex File Box, Personal Filing Tote with Lid, Black",49.632,4,0.2,3.7224
7308,CA-2016-144092,11/5/2016,11/7/2016,Second Class,LH-17155,Logan Haushalter,Consumer,United States,San Jose,California,95123,West,FUR-CH-10004875,"{'MainCategory': 'Furniture', 'SubCategory': 'Chairs'}",Harbour Creations 67200 Series Stacking Chairs,113.888,2,0.2,9.9652
8096,CA-2017-133046,7/27/2017,8/1/2017,Second Class,DK-13375,Dennis Kane,Consumer,United States,Seattle,Washington,98115,West,OFF-PA-10002787,"{'MainCategory': 'Office Supplies', 'SubCategory': 'Paper'}",Xerox 227,12.96,2,0,6.2208
5816,CA-2014-124730,11/26/2014,11/26/2014,Same Day,LS-17245,Lynn Smith,Consumer,United States,Utica,New York,13501,East,TEC-PH-10002170,"{'MainCategory': 'Technology', 'SubCategory': 'Phones'}",ClearSounds CSC500 Amplified Spirit Phone Corded phone,279.96,4,0,78.3888
4581,CA-2015-164427,7/31/2015,8/6/2015,Standard Class,AR-10405,Allen Rosenblatt,Corporate,United States,Hattiesburg,Mississippi,39401,South,TEC-AC-10004469,"{'MainCategory': 'Technology', 'SubCategory': 'Accessories'}",Microsoft Sculpt Comfort Mouse,239.7,6,0,105.468
4864,CA-2016-125164,11/10/2016,11/14/2016,Standard Class,SH-19975,Sally Hughsby,Corporate,United States,New York City,New York,10011,East,OFF-BI-10003982,"{'MainCategory': 'Office Supplies', 'SubCategory': 'Binders'}",Wilson Jones Century Plastic Molded Ring Binders,49.848,3,0.2,16.8237
4027,CA-2017-139311,8/11/2017,8/13/2017,First Class,SF-20965,Sylvia Foulston,Corporate,United States,Bedford,Texas,76021,Central,OFF-AR-10004582,"{'MainCategory': 'Office Supplies', 'SubCategory': 'Art'}",BIC Brite Liner Grip Highlighters,9.184,7,0.2,2.87
6656,CA-2017-135937,2/20/2017,2/27/2017,Standard Class,KM-16375,Katherine Murray,Home Office,United States,Gilbert,Arizona,85234,West,TEC-AC-10001114,"{'MainCategory': 'Technology', 'SubCategory': 'Accessories'}",Microsoft Wireless Mobile Mouse 4000,31.992,1,0.2,4.7988
5473,CA-2017-116946,12/19/2017,12/23/2017,Standard Class,TS-21505,Tony Sayre,Consumer,United States,Parker,Colorado,80134,West,OFF-ST-10002554,"{'MainCategory': 'Office Supplies', 'SubCategory': 'Storage'}",Tennsco Industrial Shelving,78.256,2,0.2,-17.6076
5080,US-2017-133312,11/25/2017,11/29/2017,Standard Class,BD-11500,Bradley Drucker,Consumer,United States,San Francisco,California,94122,West,FUR-BO-10002213,"{'MainCategory': 'Furniture', 'SubCategory': 'Bookcases'}","Sauder Forest Hills Library, Woodland Oak Finish",359.499,3,0.15,-29.6058
4311,CA-2014-125829,11/4/2014,11/11/2014,Standard Class,WB-21850,William Brown,Consumer,United States,Los Angeles,California,90045,West,OFF-BI-10001036,"{'MainCategory': 'Office Supplies', 'SubCategory': 'Binders'}",Cardinal EasyOpen D-Ring Binders,21.936,3,0.2,8.226
4041,CA-2014-110786,12/29/2014,1/2/2015,Standard Class,AJ-10795,Anthony Johnson,Corporate,United States,San Francisco,California,94110,West,OFF-BI-10003305,"{'MainCategory': 'Office Supplies', 'SubCategory': 'Binders'}",Avery Hanging File Binders,14.352,3,0.2,4.6644
1216,US-2017-118087,9/9/2017,9/13/2017,Standard Class,SP-20620,Stefania Perrino,Corporate,United States,Philadelphia,Pennsylvania,19134,East,OFF-AR-10003602,"{'MainCategory': 'Office Supplies', 'SubCategory': 'Art'}","Quartet Omega Colored Chalk, 12/Pack",4.672,1,0.2,1.5768
7167,CA-2014-117464,7/22/2014,7/24/2014,Second Class,NP-18325,Naresj Patel,Consumer,United States,San Francisco,California,94122,West,OFF-AR-10003190,"{'MainCategory': 'Office Supplies', 'SubCategory': 'Art'}",Newell 32,11.52,4,0,3.2256
8219,CA-2014-120775,10/3/2014,10/7/2014,Standard Class,RD-19930,Russell D'Ascenzo,Consumer,United States,Dallas,Texas,75217,Central,FUR-FU-10000758,"{'MainCategory': 'Furniture', 'SubCategory': 'Furnishings'}",DAX Natural Wood-Tone Poster Frame,31.776,3,0.6,-19.0656
7348,CA-2017-168389,12/11/2017,12/17/2017,Standard Class,DV-13045,Darrin Van Huff,Corporate,United States,Jacksonville,Florida,32216,South,FUR-CH-10000225,"{'MainCategory': 'Furniture', 'SubCategory': 'Chairs'}","Global Geo Office Task Chair, Gray",64.784,1,0.2,-12.147
7972,US-2015-126753,8/16/2015,8/20/2015,Standard Class,SP-20860,Sung Pak,Corporate,United States,Philadelphia,Pennsylvania,19134,East,TEC-AC-10004227,"{'MainCategory': 'Technology', 'SubCategory': 'Accessories'}",SanDisk Ultra 16 GB MicroSDHC Class 10 Memory Card,31.176,3,0.2,-5.4558
1751,CA-2015-139094,11/22/2015,11/27/2015,Standard Class,MO-17800,Meg O'Connel,Home Office,United States,San Antonio,Texas,78207,Central,FUR-TA-10004607,"{'MainCategory': 'Furniture', 'SubCategory': 'Tables'}",Hon 2111 Invitation Series Straight Table,206.962,2,0.3,-32.5226
1094,CA-2015-165085,12/27/2015,12/31/2015,Standard Class,BT-11485,Brad Thomas,Home Office,United States,Clinton,Maryland,20735,East,OFF-PA-10000605,"{'MainCategory': 'Office Supplies', 'SubCategory': 'Paper'}",Xerox 1950,28.9,5,0,14.161
7642,US-2016-157490,10/6/2016,10/7/2016,First Class,LB-16795,Laurel Beltran,Home Office,United States,Pueblo,Colorado,81001,West,TEC-MA-10001695,"{'MainCategory': 'Technology', 'SubCategory': 'Machines'}",Zebra GK420t Direct Thermal/Thermal Transfer Printer,703.71,6,0.7,-938.28
6630,CA-2015-125696,10/2/2015,10/6/2015,Standard Class,NP-18685,Nora Pelletier,Home Office,United States,Wilson,North Carolina,27893,South,OFF-BI-10001757,"{'MainCategory': 'Office Supplies', 'SubCategory': 'Binders'}",Pressboard Hanging Data Binders for Unburst Sheets,7.38,5,0.7,-5.412
2767,CA-2017-167752,1/15/2017,1/18/2017,First Class,RW-19690,Robert Waldorf,Consumer,United States,Philadelphia,Pennsylvania,19134,East,OFF-AP-10000159,"{'MainCategory': 'Office Supplies', 'SubCategory': 'Appliances'}",Belkin F9M820V08 8 Outlet Surge,34.384,1,0.2,3.8682
8822,CA-2017-100622,11/3/2017,11/7/2017,Standard Class,DK-13090,Dave Kipp,Consumer,United States,Orlando,Florida,32839,South,OFF-BI-10002982,"{'MainCategory': 'Office Supplies', 'SubCategory': 'Binders'}",Avery Self-Adhesive Photo Pockets for Polaroid Photos,4.086,2,0.7,-2.9964
2698,CA-2014-145317,3/18/2014,3/23/2014,Standard Class,SM-20320,Sean Miller,Home Office,United States,Jacksonville,Florida,32216,South,TEC-MA-10002412,"{'MainCategory': 'Technology', 'SubCategory': 'Machines'}",Cisco TelePresence System EX90 Videoconferencing Unit,22638.48,6,0.5,-1811.0784
9517,CA-2015-123939,8/24/2015,8/26/2015,Second Class,MS-17710,Maurice Satty,Consumer,United States,Bowling Green,Ohio,43402,East,TEC-PH-10000923,"{'MainCategory': 'Technology', 'SubCategory': 'Phones'}","Belkin SportFit Armband For iPhone 5s/5c, Fuchsia",26.982,3,0.4,4.0473
4977,CA-2015-165050,12/7/2015,12/9/2015,First Class,AH-10210,Alan Hwang,Consumer,United States,New York City,New York,10024,East,OFF-BI-10001031,"{'MainCategory': 'Office Supplies', 'SubCategory': 'Binders'}",Pressboard Data Binders by Wilson Jones,21.36,5,0.2,7.209
5247,CA-2016-156265,8/2/2016,8/4/2016,Second Class,BF-11020,Barry Franz√∂sisch,Corporate,United States,Los Angeles,California,90032,West,OFF-BI-10000285,"{'MainCategory': 'Office Supplies', 'SubCategory': 'Binders'}",XtraLife ClearVue Slant-D Ring Binders by Cardinal,12.544,2,0.2,4.704
3448,CA-2017-102554,6/11/2017,6/15/2017,Standard Class,KN-16705,Kristina Nunn,Home Office,United States,Auburn,Alabama,36830,South,OFF-AR-10001919,"{'MainCategory': 'Office Supplies', 'SubCategory': 'Art'}","OIC #2 Pencils, Medium Soft",3.76,2,0,1.0904
8452,CA-2014-131387,4/28/2014,4/30/2014,First Class,AI-10855,Arianne Irving,Consumer,United States,San Francisco,California,94122,West,TEC-PH-10001459,"{'MainCategory': 'Technology', 'SubCategory': 'Phones'}",Samsung Galaxy Mega 6.3,1679.96,5,0.2,125.997
7544,US-2017-112347,12/2/2017,12/6/2017,Standard Class,BS-11380,Bill Stewart,Corporate,United States,Denver,Colorado,80219,West,TEC-PH-10004833,"{'MainCategory': 'Technology', 'SubCategory': 'Phones'}",Macally Suction Cup Mount,57.36,6,0.2,-14.34
7442,CA-2015-120446,11/16/2015,11/18/2015,First Class,JG-15805,John Grady,Corporate,United States,San Diego,California,92105,West,OFF-LA-10003148,"{'MainCategory': 'Office Supplies', 'SubCategory': 'Labels'}",Avery 51,18.9,3,0,8.694
5475,CA-2017-121741,12/26/2017,12/26/2017,Same Day,YC-21895,Yoseph Carroll,Corporate,United States,Fremont,Nebraska,68025,Central,OFF-ST-10004459,"{'MainCategory': 'Office Supplies', 'SubCategory': 'Storage'}",Tennsco Single-Tier Lockers,750.68,2,0,37.534
7577,CA-2014-134726,11/2/2014,11/7/2014,Second Class,SW-20755,Steven Ward,Corporate,United States,Seattle,Washington,98115,West,TEC-AC-10000023,"{'MainCategory': 'Technology', 'SubCategory': 'Accessories'}","Maxell 74 Minute CD-R Spindle, 50/Pack",41.94,2,0,15.0984
6145,CA-2017-151190,6/27/2017,7/1/2017,Standard Class,GT-14710,Greg Tran,Consumer,United States,Omaha,Nebraska,68104,Central,OFF-PA-10000575,"{'MainCategory': 'Office Supplies', 'SubCategory': 'Paper'}","Wirebound Message Books, Four 2 3/4 x 5 White Forms per Page",20.07,3,0,9.2322
4664,CA-2016-111409,9/18/2016,9/22/2016,Standard Class,PO-18850,Patrick O'Brill,Consumer,United States,Jacksonville,Florida,32216,South,OFF-LA-10002787,"{'MainCategory': 'Office Supplies', 'SubCategory': 'Labels'}",Avery 480,3,1,0.2,1.05
4070,CA-2016-145303,8/28/2016,8/31/2016,First Class,TP-21415,Tom Prescott,Consumer,United States,Dallas,Texas,75081,Central,OFF-BI-10000050,"{'MainCategory': 'Office Supplies', 'SubCategory': 'Binders'}","Angle-D Binders with Locking Rings, Label Holders",13.14,9,0.8,-21.681
7473,CA-2016-139997,7/1/2016,7/3/2016,First Class,EM-14140,Eugene Moren,Home Office,United States,Lehi,Utah,84043,West,TEC-CO-10000971,"{'MainCategory': 'Technology', 'SubCategory': 'Copiers'}",Hewlett Packard 310 Color Digital Copier,1499.95,5,0,449.985
6463,US-2017-133361,5/14/2017,5/17/2017,First Class,AJ-10780,Anthony Jacobs,Corporate,United States,Baltimore,Maryland,21215,East,FUR-CH-10003298,"{'MainCategory': 'Furniture', 'SubCategory': 'Chairs'}","Office Star - Contemporary Task Swivel chair with Loop Arms, Charcoal",261.96,2,0,23.5764
7227,CA-2017-127397,2/24/2017,2/28/2017,Standard Class,ES-14080,Erin Smith,Corporate,United States,Philadelphia,Pennsylvania,19134,East,OFF-PA-10001125,"{'MainCategory': 'Office Supplies', 'SubCategory': 'Paper'}",Xerox 1988,123.92,5,0.2,38.725
8889,CA-2017-103968,12/1/2017,12/7/2017,Standard Class,ML-17755,Max Ludwig,Home Office,United States,Stockton,California,95207,West,FUR-FU-10003394,"{'MainCategory': 'Furniture', 'SubCategory': 'Furnishings'}","Tenex ""The Solids"" Textured Chair Mats",629.64,9,0,107.0388
8715,CA-2017-136623,7/11/2017,7/16/2017,Standard Class,TS-21430,Tom Stivers,Corporate,United States,San Diego,California,92105,West,OFF-BI-10003708,"{'MainCategory': 'Office Supplies', 'SubCategory': 'Binders'}","Acco Four Pocket Poly Ring Binder with Label Holder, Smoke, 1""",29.8,5,0.2,9.3125
1522,CA-2015-144806,12/6/2015,12/11/2015,Standard Class,GH-14425,Gary Hwang,Consumer,United States,Tucson,Arizona,85705,West,FUR-FU-10002253,"{'MainCategory': 'Furniture', 'SubCategory': 'Furnishings'}","Howard Miller 13"" Diameter Pewter Finish Round Wall Clock",206.112,6,0.2,48.9516
7381,CA-2016-105732,9/13/2016,9/18/2016,Standard Class,AG-10270,Alejandro Grove,Consumer,United States,Omaha,Nebraska,68104,Central,OFF-LA-10004559,"{'MainCategory': 'Office Supplies', 'SubCategory': 'Labels'}",Avery 49,14.4,5,0,7.056
571,CA-2017-164826,12/28/2017,1/4/2018,Standard Class,JF-15415,Jennifer Ferguson,Consumer,United States,New York City,New York,10024,East,OFF-LA-10001297,"{'MainCategory': 'Office Supplies', 'SubCategory': 'Labels'}",Avery 473,72.45,7,0,34.776
5469,CA-2014-132451,9/26/2014,9/27/2014,First Class,KF-16285,Karen Ferguson,Home Office,United States,San Diego,California,92105,West,FUR-CH-10000454,"{'MainCategory': 'Furniture', 'SubCategory': 'Chairs'}","Hon Deluxe Fabric Upholstered Stacking Chairs, Rounded Back",585.552,3,0.2,73.194
725,CA-2016-114713,7/7/2016,7/12/2016,Standard Class,SC-20695,Steve Chapman,Corporate,United States,Hialeah,Florida,33012,South,OFF-SU-10004664,"{'MainCategory': 'Office Supplies', 'SubCategory': 'Supplies'}",Acme Softgrip Scissors,45.584,7,0.2,5.1282
6784,CA-2017-121293,7/25/2017,7/28/2017,Second Class,JC-15775,John Castell,Consumer,United States,Philadelphia,Pennsylvania,19143,East,OFF-SU-10004884,"{'MainCategory': 'Office Supplies', 'SubCategory': 'Supplies'}",Acme Galleria Hot Forged Steel Scissors with Colored Handles,37.752,3,0.2,4.2471
8420,CA-2017-118199,5/9/2017,5/11/2017,First Class,LB-16795,Laurel Beltran,Home Office,United States,Seattle,Washington,98105,West,OFF-ST-10000636,"{'MainCategory': 'Office Supplies', 'SubCategory': 'Storage'}",Rogers Profile Extra Capacity Storage Tub,66.96,4,0,2.6784
2912,CA-2014-113929,6/16/2014,6/21/2014,Standard Class,CK-12205,Chloris Kastensmidt,Consumer,United States,Hempstead,New York,11550,East,OFF-EN-10003286,"{'MainCategory': 'Office Supplies', 'SubCategory': 'Envelopes'}",Staple envelope,41.4,5,0,19.458
3486,CA-2016-151169,10/21/2016,10/26/2016,Standard Class,MY-18295,Muhammed Yedwab,Corporate,United States,Newark,Delaware,19711,East,OFF-BI-10002813,"{'MainCategory': 'Office Supplies', 'SubCategory': 'Binders'}",Avery Reinforcements for Hole-Punch Pages,7.92,4,0,3.564
3144,CA-2017-162572,9/25/2017,9/27/2017,Second Class,RB-19360,Raymond Buch,Consumer,United States,Cincinnati,Ohio,45231,East,OFF-AR-10001547,"{'MainCategory': 'Office Supplies', 'SubCategory': 'Art'}",Newell 311,10.608,6,0.2,0.9282
870,CA-2016-158099,9/3/2016,9/5/2016,First Class,PK-18910,Paul Knutson,Home Office,United States,Philadelphia,Pennsylvania,19143,East,OFF-BI-10000545,"{'MainCategory': 'Office Supplies', 'SubCategory': 'Binders'}",GBC Ibimaster 500 Manual ProClick Binding System,1141.47,5,0.7,-760.98
7113,CA-2016-109666,4/19/2016,4/26/2016,Standard Class,KM-16720,Kunst Miller,Consumer,United States,New York City,New York,10035,East,OFF-SU-10001218,"{'MainCategory': 'Office Supplies', 'SubCategory': 'Supplies'}",Fiskars Softgrip Scissors,54.9,5,0,15.372
3595,CA-2016-164154,9/11/2016,9/17/2016,Standard Class,NZ-18565,Nick Zandusky,Home Office,United States,Toledo,Ohio,43615,East,OFF-ST-10002562,"{'MainCategory': 'Office Supplies', 'SubCategory': 'Storage'}",Staple magnet,37.52,5,0.2,3.752
5184,CA-2017-163335,9/24/2017,9/27/2017,First Class,AG-10675,Anna Gayman,Consumer,United States,Columbus,Georgia,31907,South,OFF-ST-10000885,"{'MainCategory': 'Office Supplies', 'SubCategory': 'Storage'}",Fellowes Desktop Hanging File Manager,40.29,3,0,10.0725
1926,CA-2017-102834,3/9/2017,3/13/2017,Standard Class,LW-16990,Lindsay Williams,Corporate,United States,San Francisco,California,94110,West,TEC-AC-10001908,"{'MainCategory': 'Technology', 'SubCategory': 'Accessories'}",Logitech Wireless Headset h800,199.98,2,0,69.993
9147,US-2016-165505,1/23/2016,1/27/2016,Standard Class,CB-12535,Claudia Bergmann,Corporate,United States,Burlington,Vermont,5408,East,TEC-AC-10002926,"{'MainCategory': 'Technology', 'SubCategory': 'Accessories'}",Logitech Wireless Marathon Mouse M705,99.98,2,0,42.9914
3074,CA-2016-125206,1/3/2016,1/5/2016,First Class,LR-16915,Lena Radford,Consumer,United States,Los Angeles,California,90045,West,OFF-ST-10003692,"{'MainCategory': 'Office Supplies', 'SubCategory': 'Storage'}",Recycled Steel Personal File for Hanging File Folders,114.46,2,0,28.615
9515,CA-2014-100293,3/14/2014,3/18/2014,Standard Class,NF-18475,Neil Franz√∂sisch,Home Office,United States,Jacksonville,Florida,32216,South,OFF-PA-10000176,"{'MainCategory': 'Office Supplies', 'SubCategory': 'Paper'}",Xerox 1887,91.056,6,0.2,31.8696
716,CA-2014-153150,7/1/2014,7/6/2014,Second Class,Dl-13600,Dorris liebe,Corporate,United States,Seattle,Washington,98105,West,OFF-BI-10003355,"{'MainCategory': 'Office Supplies', 'SubCategory': 'Binders'}",Cardinal Holdit Business Card Pockets,19.92,5,0.2,6.972
8619,CA-2017-117513,3/3/2017,3/8/2017,Standard Class,BT-11395,Bill Tyler,Corporate,United States,Los Angeles,California,90004,West,FUR-TA-10001520,"{'MainCategory': 'Furniture', 'SubCategory': 'Tables'}","Lesro Sheffield Collection Coffee Table, End Table, Center Table, Corner Table",399.672,7,0.2,-14.9877
1991,CA-2015-127509,11/9/2015,11/13/2015,Standard Class,AS-10090,Adam Shillingsburg,Consumer,United States,Springfield,Missouri,65807,Central,OFF-PA-10002160,"{'MainCategory': 'Office Supplies', 'SubCategory': 'Paper'}",Xerox 1978,17.34,3,0,8.4966
8964,CA-2016-157280,11/5/2016,11/7/2016,First Class,LW-17125,Liz Willingham,Consumer,United States,Virginia Beach,Virginia,23464,South,TEC-AC-10000057,"{'MainCategory': 'Technology', 'SubCategory': 'Accessories'}",Microsoft Natural Ergonomic Keyboard 4000,89.97,3,0,18.8937
934,CA-2016-140081,6/20/2016,6/24/2016,Standard Class,CG-12040,Catherine Glotzbach,Home Office,United States,Philadelphia,Pennsylvania,19120,East,OFF-PA-10001745,"{'MainCategory': 'Office Supplies', 'SubCategory': 'Paper'}","Wirebound Message Books, 2 7/8"" x 5"", 3 Forms per Page",45.056,8,0.2,15.2064
3007,CA-2017-116519,10/13/2017,10/15/2017,First Class,CR-12730,Craig Reiter,Consumer,United States,New York City,New York,10009,East,OFF-AP-10000828,"{'MainCategory': 'Office Supplies', 'SubCategory': 'Appliances'}",Avanti 4.4 Cu. Ft. Refrigerator,904.9,5,0,253.372
9638,CA-2014-124702,11/18/2014,11/25/2014,Standard Class,MH-17785,Maya Herman,Corporate,United States,Seattle,Washington,98105,West,FUR-TA-10003008,"{'MainCategory': 'Furniture', 'SubCategory': 'Tables'}","Lesro Round Back Collection Coffee Table, End Table",730.2,4,0,94.926
9108,CA-2015-132941,5/25/2015,5/28/2015,First Class,MM-18280,Muhammed MacIntyre,Corporate,United States,Haltom City,Texas,76117,Central,OFF-SU-10002557,"{'MainCategory': 'Office Supplies', 'SubCategory': 'Supplies'}",Fiskars Spring-Action Scissors,22.368,2,0.2,1.6776
140,CA-2016-145583,10/13/2016,10/19/2016,Standard Class,LC-16885,Lena Creighton,Consumer,United States,Roseville,California,95661,West,FUR-FU-10001706,"{'MainCategory': 'Furniture', 'SubCategory': 'Furnishings'}",Longer-Life Soft White Bulbs,43.12,14,0,20.6976
7058,CA-2016-165330,12/11/2016,12/11/2016,Same Day,WB-21850,William Brown,Consumer,United States,Anaheim,California,92804,West,FUR-TA-10004619,"{'MainCategory': 'Furniture', 'SubCategory': 'Tables'}",Hon Non-Folding Utility Tables,892.136,7,0.2,111.517
2637,CA-2015-162369,8/15/2015,8/19/2015,Standard Class,TT-21265,Tim Taslimi,Corporate,United States,Los Angeles,California,90045,West,OFF-ST-10000046,"{'MainCategory': 'Office Supplies', 'SubCategory': 'Storage'}",Fellowes Super Stor/Drawer Files,323.1,2,0,61.389
6474,CA-2016-113292,3/18/2016,3/20/2016,Second Class,DB-13060,Dave Brooks,Consumer,United States,Columbia,Tennessee,38401,South,OFF-AP-10003590,"{'MainCategory': 'Office Supplies', 'SubCategory': 'Appliances'}",Hoover WindTunnel Plus Canister Vacuum,871.8,3,0.2,87.18
4930,US-2014-138828,9/2/2014,9/3/2014,First Class,KD-16345,Katherine Ducich,Consumer,United States,New York City,New York,10009,East,OFF-AR-10000658,"{'MainCategory': 'Office Supplies', 'SubCategory': 'Art'}",Newell 324,57.75,5,0,16.17
8226,CA-2017-104136,11/1/2017,11/4/2017,Second Class,SF-20065,Sandra Flanagan,Consumer,United States,Everett,Massachusetts,2149,East,OFF-PA-10004243,"{'MainCategory': 'Office Supplies', 'SubCategory': 'Paper'}",Xerox 1939,189.7,10,0,91.056
3000,CA-2014-138317,6/21/2014,6/25/2014,Standard Class,NW-18400,Natalie Webber,Consumer,United States,Philadelphia,Pennsylvania,19120,East,TEC-MA-10004521,"{'MainCategory': 'Technology', 'SubCategory': 'Machines'}",Epson Perfection V600 Photo Scanner,206.991,3,0.7,-172.4925
1450,CA-2015-145821,5/1/2015,5/7/2015,Standard Class,JB-15400,Jennifer Braxton,Corporate,United States,Los Angeles,California,90008,West,TEC-PH-10004348,"{'MainCategory': 'Technology', 'SubCategory': 'Phones'}",OtterBox Defender Series Case - iPhone 5c,88.752,3,0.2,11.094
1986,CA-2014-164721,11/25/2014,11/27/2014,Second Class,LW-16825,Laurel Workman,Corporate,United States,Brentwood,California,94513,West,OFF-PA-10000575,"{'MainCategory': 'Office Supplies', 'SubCategory': 'Paper'}","Wirebound Message Books, Four 2 3/4 x 5 White Forms per Page",26.76,4,0,12.3096
9268,CA-2015-151869,9/25/2015,9/25/2015,Same Day,CS-11950,Carlos Soltero,Consumer,United States,Freeport,New York,11520,East,FUR-CH-10001545,"{'MainCategory': 'Furniture', 'SubCategory': 'Chairs'}",Hon Comfortask Task/Swivel Chairs,102.582,1,0.1,6.8388
9447,CA-2016-158617,9/22/2016,9/28/2016,Standard Class,AC-10660,Anna Chung,Consumer,United States,Lawrence,Indiana,46226,Central,OFF-PA-10002245,"{'MainCategory': 'Office Supplies', 'SubCategory': 'Paper'}",Xerox 1895,35.88,6,0,16.146
8914,CA-2017-102610,11/4/2017,11/8/2017,Standard Class,CA-12265,Christina Anderson,Consumer,United States,Chattanooga,Tennessee,37421,South,OFF-LA-10002195,"{'MainCategory': 'Office Supplies', 'SubCategory': 'Labels'}",Avery 481,4.928,2,0.2,1.7248
4865,CA-2017-163531,6/26/2017,6/30/2017,Standard Class,SC-20725,Steven Cartwright,Consumer,United States,New York City,New York,10024,East,TEC-PH-10001425,"{'MainCategory': 'Technology', 'SubCategory': 'Phones'}",Mophie Juice Pack Helium for iPhone,239.97,3,0,67.1916
6067,CA-2015-151547,1/17/2015,1/23/2015,Standard Class,AH-10465,Amy Hunt,Consumer,United States,Bartlett,Tennessee,38134,South,OFF-SU-10000898,"{'MainCategory': 'Office Supplies', 'SubCategory': 'Supplies'}","Acme Hot Forged Carbon Steel Scissors with Nickel-Plated Handles, 3 7/8"" Cut, 8""L",88.96,8,0.2,10.008
5174,CA-2015-107741,3/8/2015,3/10/2015,First Class,FC-14335,Fred Chung,Corporate,United States,Pueblo,Colorado,81001,West,OFF-AR-10002399,"{'MainCategory': 'Office Supplies', 'SubCategory': 'Art'}","Dixon Prang Watercolor Pencils, 10-Color Set with Brush",3.408,1,0.2,0.8946
9782,CA-2016-153178,9/14/2016,9/18/2016,Standard Class,CL-12565,Clay Ludtke,Consumer,United States,Long Beach,New York,11561,East,OFF-BI-10004390,"{'MainCategory': 'Office Supplies', 'SubCategory': 'Binders'}",GBC DocuBind 200 Manual Binding Machine,673.568,2,0.2,252.588
5845,CA-2015-126725,11/17/2015,11/21/2015,Standard Class,BS-11665,Brian Stugart,Consumer,United States,San Diego,California,92105,West,OFF-ST-10000129,"{'MainCategory': 'Office Supplies', 'SubCategory': 'Storage'}",Fellowes Recycled Storage Drawers,777.21,7,0,54.4047
5194,CA-2014-101560,11/28/2014,12/1/2014,Second Class,CS-12250,Chris Selesnick,Corporate,United States,Columbia,South Carolina,29203,South,OFF-PA-10001363,"{'MainCategory': 'Office Supplies', 'SubCategory': 'Paper'}",Xerox 1933,85.96,7,0,40.4012
8308,CA-2016-128671,8/11/2016,8/16/2016,Standard Class,MT-18070,Michelle Tran,Home Office,United States,Tulsa,Oklahoma,74133,Central,OFF-BI-10003007,"{'MainCategory': 'Office Supplies', 'SubCategory': 'Binders'}","Premium Transparent Presentation Covers, No Pattern/Clear, 8 1/2"" x 11""",77.56,2,0,35.6776
4855,CA-2014-113320,12/12/2014,12/15/2014,Second Class,LH-17155,Logan Haushalter,Consumer,United States,Oakland,California,94601,West,OFF-ST-10000617,"{'MainCategory': 'Office Supplies', 'SubCategory': 'Storage'}",Woodgrain Magazine Files by Perma,8.94,3,0,0.6258
4784,US-2017-147984,1/28/2017,2/1/2017,Standard Class,GB-14575,Giulietta Baptist,Consumer,United States,Wichita,Kansas,67212,Central,OFF-PA-10000806,"{'MainCategory': 'Office Supplies', 'SubCategory': 'Paper'}",Xerox 1934,279.9,5,0,137.151
4219,CA-2017-149881,4/1/2017,4/3/2017,First Class,NC-18535,Nick Crebassa,Corporate,United States,San Francisco,California,94110,West,TEC-MA-10000418,"{'MainCategory': 'Technology', 'SubCategory': 'Machines'}",Cubify CubeX 3D Printer Double Head Print,4799.984,2,0.2,359.9988
255,US-2015-159982,11/28/2015,12/4/2015,Standard Class,DR-12880,Dan Reichenbach,Corporate,United States,Chicago,Illinois,60623,Central,FUR-FU-10002505,"{'MainCategory': 'Furniture', 'SubCategory': 'Furnishings'}",Eldon 100 Class Desk Accessories,12.132,9,0.6,-8.4924
8608,CA-2014-151946,6/4/2014,6/9/2014,Standard Class,BT-11440,Bobby Trafton,Consumer,United States,New York City,New York,10035,East,FUR-FU-10002878,"{'MainCategory': 'Furniture', 'SubCategory': 'Furnishings'}","Seth Thomas 14"" Day/Date Wall Clock",56.96,2,0,21.0752
692,US-2014-117135,6/21/2014,6/23/2014,Second Class,NP-18325,Naresj Patel,Consumer,United States,Waynesboro,Virginia,22980,South,OFF-ST-10002444,"{'MainCategory': 'Office Supplies', 'SubCategory': 'Storage'}",Recycled Eldon Regeneration Jumbo File,36.84,3,0,10.3152
6181,CA-2015-158421,9/21/2015,9/26/2015,Standard Class,GB-14575,Giulietta Baptist,Consumer,United States,Columbia,South Carolina,29203,South,TEC-PH-10000369,"{'MainCategory': 'Technology', 'SubCategory': 'Phones'}",HTC One Mini,629.95,5,0,176.386
5006,CA-2015-158659,11/10/2015,11/14/2015,Second Class,SC-20695,Steve Chapman,Corporate,United States,Richmond,Indiana,47374,Central,OFF-ST-10003306,"{'MainCategory': 'Office Supplies', 'SubCategory': 'Storage'}",Letter Size Cart,714.3,5,0,207.147
6546,US-2017-154872,5/14/2017,5/18/2017,Standard Class,DP-13000,Darren Powers,Consumer,United States,Cleveland,Ohio,44105,East,OFF-LA-10000973,"{'MainCategory': 'Office Supplies', 'SubCategory': 'Labels'}",Avery 502,5.04,2,0.2,1.764
8869,CA-2016-158260,11/4/2016,11/8/2016,Standard Class,CC-12475,Cindy Chapman,Consumer,United States,San Diego,California,92037,West,TEC-MA-10003176,"{'MainCategory': 'Technology', 'SubCategory': 'Machines'}",Okidata B400 Printer,686.4,2,0.2,77.22
4654,CA-2017-132647,2/17/2017,2/23/2017,Standard Class,GH-14410,Gary Hansen,Home Office,United States,Perth Amboy,New Jersey,8861,East,OFF-ST-10003123,"{'MainCategory': 'Office Supplies', 'SubCategory': 'Storage'}",Fellowes Bases and Tops For Staxonsteel/High-Stak Systems,166.45,5,0,39.948
4543,CA-2017-113474,3/30/2017,3/31/2017,First Class,TM-21490,Tony Molinari,Consumer,United States,Oklahoma City,Oklahoma,73120,Central,OFF-EN-10004206,"{'MainCategory': 'Office Supplies', 'SubCategory': 'Envelopes'}",Multimedia Mailers,325.86,2,0,149.8956
9778,CA-2014-169019,7/26/2014,7/30/2014,Standard Class,LF-17185,Luke Foster,Consumer,United States,San Antonio,Texas,78207,Central,TEC-AC-10002076,"{'MainCategory': 'Technology', 'SubCategory': 'Accessories'}",Microsoft Natural Keyboard Elite,431.136,9,0.2,-26.946
9686,CA-2017-118668,1/2/2017,1/4/2017,Second Class,FW-14395,Fred Wasserman,Corporate,United States,Los Angeles,California,90032,West,TEC-AC-10000682,"{'MainCategory': 'Technology', 'SubCategory': 'Accessories'}",Kensington K72356US Mouse-in-a-Box USB Desktop Mouse,16.59,1,0,5.8065
6013,CA-2015-135580,12/30/2015,1/3/2016,Standard Class,CL-12565,Clay Ludtke,Consumer,United States,Los Angeles,California,90049,West,TEC-PH-10004345,"{'MainCategory': 'Technology', 'SubCategory': 'Phones'}",Cisco SPA 502G IP Phone,287.88,3,0.2,35.985
9027,CA-2016-102127,6/26/2016,7/2/2016,Standard Class,VP-21760,Victoria Pisteka,Corporate,United States,New York City,New York,10035,East,FUR-FU-10003976,"{'MainCategory': 'Furniture', 'SubCategory': 'Furnishings'}","DAX Executive Solid Wood Document Frame, Desktop or Hang, Mahogany, 5 x 7",37.74,3,0,12.8316
1498,CA-2017-152485,9/4/2017,9/8/2017,Standard Class,JD-15790,John Dryer,Consumer,United States,Coppell,Texas,75019,Central,OFF-AR-10001940,"{'MainCategory': 'Office Supplies', 'SubCategory': 'Art'}","Sanford Colorific Eraseable Coloring Pencils, 12 Count",13.12,5,0.2,3.772
2631,CA-2015-168186,9/10/2015,9/15/2015,Standard Class,AB-10150,Aimee Bixby,Consumer,United States,Tulsa,Oklahoma,74133,Central,OFF-PA-10000477,"{'MainCategory': 'Office Supplies', 'SubCategory': 'Paper'}",Xerox 1952,14.94,3,0,7.0218
7417,US-2016-114013,3/13/2016,3/15/2016,Second Class,SC-20770,Stewart Carmichael,Corporate,United States,Philadelphia,Pennsylvania,19134,East,TEC-PH-10001494,"{'MainCategory': 'Technology', 'SubCategory': 'Phones'}",Polycom CX600 IP Phone VoIP phone,539.91,3,0.4,-116.9805
1878,CA-2017-118885,12/29/2017,1/2/2018,Standard Class,JG-15160,James Galang,Consumer,United States,Los Angeles,California,90049,West,FUR-CH-10002880,"{'MainCategory': 'Furniture', 'SubCategory': 'Chairs'}","Global High-Back Leather Tilter, Burgundy",393.568,4,0.2,-44.2764
5842,CA-2015-126725,11/17/2015,11/21/2015,Standard Class,BS-11665,Brian Stugart,Consumer,United States,San Diego,California,92105,West,TEC-PH-10003174,"{'MainCategory': 'Technology', 'SubCategory': 'Phones'}",RCA ViSYS 25825 Wireless digital phone,415.968,4,0.2,51.996
4804,CA-2017-136364,7/13/2017,7/17/2017,Second Class,MH-17455,Mark Hamilton,Consumer,United States,Philadelphia,Pennsylvania,19140,East,TEC-PH-10003885,"{'MainCategory': 'Technology', 'SubCategory': 'Phones'}",Cisco SPA508G,39.594,1,0.4,-7.2589
8826,CA-2015-115399,12/19/2015,12/22/2015,First Class,AG-10900,Arthur Gainer,Consumer,United States,Philadelphia,Pennsylvania,19134,East,OFF-LA-10003190,"{'MainCategory': 'Office Supplies', 'SubCategory': 'Labels'}",Avery 474,6.912,3,0.2,2.5056
7677,CA-2014-142951,10/8/2014,10/8/2014,Same Day,JG-15115,Jack Garza,Consumer,United States,Charlotte,North Carolina,28205,South,TEC-AC-10002331,"{'MainCategory': 'Technology', 'SubCategory': 'Accessories'}","Maxell 74 Minute CDR, 10/Pack",23.472,3,0.2,4.9878
6144,CA-2017-121083,7/9/2017,7/15/2017,Standard Class,JF-15190,Jamie Frazer,Consumer,United States,Manchester,Connecticut,6040,East,OFF-AR-10002987,"{'MainCategory': 'Office Supplies', 'SubCategory': 'Art'}",Prismacolor Color Pencil Set,119.04,6,0,48.8064
8640,CA-2014-129819,12/13/2014,12/15/2014,Second Class,KC-16675,Kimberly Carter,Corporate,United States,Henderson,Kentucky,42420,South,OFF-BI-10004970,"{'MainCategory': 'Office Supplies', 'SubCategory': 'Binders'}","ACCOHIDE 3-Ring Binder, Blue, 1""",12.39,3,0,5.8233
2988,CA-2016-139269,5/25/2016,5/30/2016,Standard Class,JB-16045,Julia Barnett,Home Office,United States,Columbus,Georgia,31907,South,OFF-ST-10000689,"{'MainCategory': 'Office Supplies', 'SubCategory': 'Storage'}","Fellowes Strictly Business Drawer File, Letter/Legal Size",1267.65,9,0,152.118
8578,CA-2017-146164,12/22/2017,12/26/2017,Standard Class,CM-12190,Charlotte Melton,Consumer,United States,Rochester,Minnesota,55901,Central,FUR-TA-10004915,"{'MainCategory': 'Furniture', 'SubCategory': 'Tables'}","Office Impressions End Table, 20-1/2""H x 24""W x 20""D",607.52,2,0,97.2032
3243,CA-2017-114524,3/31/2017,4/5/2017,Second Class,EG-13900,Emily Grady,Consumer,United States,Chicago,Illinois,60623,Central,OFF-BI-10002799,"{'MainCategory': 'Office Supplies', 'SubCategory': 'Binders'}","SlimView Poly Binder, 3/8""",13.468,13,0.8,-22.8956
5264,CA-2014-105165,9/7/2014,9/10/2014,First Class,SZ-20035,Sam Zeldin,Home Office,United States,Houston,Texas,77036,Central,TEC-AC-10002718,"{'MainCategory': 'Technology', 'SubCategory': 'Accessories'}",Belkin Standard 104 key USB Keyboard,46.688,4,0.2,-2.918
7959,CA-2017-131807,10/5/2017,10/10/2017,Standard Class,GG-14650,Greg Guthrie,Corporate,United States,Chico,California,95928,West,FUR-FU-10004666,"{'MainCategory': 'Furniture', 'SubCategory': 'Furnishings'}",DAX Clear Channel Poster Frame,72.9,5,0,26.973
7810,US-2016-137295,1/8/2016,1/13/2016,Standard Class,VS-21820,Vivek Sundaresam,Consumer,United States,Raleigh,North Carolina,27604,South,TEC-PH-10004080,"{'MainCategory': 'Technology', 'SubCategory': 'Phones'}",Avaya 5410 Digital phone,108.784,2,0.2,10.8784
4937,CA-2017-150931,1/6/2017,1/13/2017,Standard Class,DP-13390,Dennis Pardue,Home Office,United States,Tuscaloosa,Alabama,35401,South,OFF-BI-10004728,"{'MainCategory': 'Office Supplies', 'SubCategory': 'Binders'}",Wilson Jones Turn Tabs Binder Tool for Ring Binders,33.74,7,0,15.5204
289,CA-2016-112697,12/18/2016,12/20/2016,Second Class,AH-10195,Alan Haines,Corporate,United States,Tamarac,Florida,33319,South,OFF-SU-10000646,"{'MainCategory': 'Office Supplies', 'SubCategory': 'Supplies'}",Premier Automatic Letter Opener,961.48,5,0.2,-204.3145
5776,CA-2016-142398,4/12/2016,4/16/2016,Standard Class,BP-11290,Beth Paige,Consumer,United States,Los Angeles,California,90036,West,OFF-BI-10004826,"{'MainCategory': 'Office Supplies', 'SubCategory': 'Binders'}",JM Magazine Binder,13.208,1,0.2,4.6228
2022,CA-2016-168354,9/19/2016,9/21/2016,First Class,RH-19510,Rick Huthwaite,Home Office,United States,Providence,Rhode Island,2908,East,OFF-PA-10002377,"{'MainCategory': 'Office Supplies', 'SubCategory': 'Paper'}","Adams Telephone Message Book W/Dividers/Space For Phone Numbers, 5 1/4""X8 1/2"", 200/Messages",17.04,3,0,7.668
8593,CA-2017-101700,4/23/2017,4/26/2017,First Class,SO-20335,Sean O'Donnell,Consumer,United States,Greeley,Colorado,80634,West,FUR-FU-10001025,"{'MainCategory': 'Furniture', 'SubCategory': 'Furnishings'}","Eldon Im√†ge Series Desk Accessories, Clear",11.664,3,0.2,3.3534
8175,CA-2014-114125,7/9/2014,7/13/2014,Standard Class,GH-14410,Gary Hansen,Home Office,United States,Los Angeles,California,90049,West,OFF-ST-10001505,"{'MainCategory': 'Office Supplies', 'SubCategory': 'Storage'}","Perma STOR-ALL Hanging File Box, 13 1/8""W x 12 1/4""D x 10 1/2""H",23.92,4,0,4.0664
2516,CA-2014-106572,9/5/2014,9/10/2014,Standard Class,NP-18700,Nora Preis,Consumer,United States,Bowling Green,Ohio,43402,East,OFF-ST-10000585,"{'MainCategory': 'Office Supplies', 'SubCategory': 'Storage'}",Economy Rollaway Files,264.32,2,0.2,19.824
2481,CA-2017-141992,6/19/2017,6/25/2017,Standard Class,FO-14305,Frank Olsen,Consumer,United States,Dallas,Texas,75220,Central,OFF-ST-10003656,"{'MainCategory': 'Office Supplies', 'SubCategory': 'Storage'}",Safco Industrial Wire Shelving,153.584,2,0.2,-32.6366
1046,CA-2017-152702,10/12/2017,10/16/2017,Standard Class,SN-20710,Steve Nguyen,Home Office,United States,Rockford,Illinois,61107,Central,FUR-CH-10002304,"{'MainCategory': 'Furniture', 'SubCategory': 'Chairs'}","Global Stack Chair without Arms, Black",254.604,14,0.3,-18.186
359,CA-2016-130001,4/23/2016,4/28/2016,Standard Class,HK-14890,Heather Kirkland,Corporate,United States,Charlotte,North Carolina,28205,South,OFF-PA-10002666,"{'MainCategory': 'Office Supplies', 'SubCategory': 'Paper'}",Southworth 25% Cotton Linen-Finish Paper & Envelopes,36.24,5,0.2,11.325
7645,US-2016-157490,10/6/2016,10/7/2016,First Class,LB-16795,Laurel Beltran,Home Office,United States,Pueblo,Colorado,81001,West,TEC-AC-10001553,"{'MainCategory': 'Technology', 'SubCategory': 'Accessories'}","Memorex 25GB 6X Branded Blu-Ray Recordable Disc, 15/Pack",67.96,5,0.2,0.8495
3513,CA-2017-140326,9/4/2017,9/6/2017,First Class,HW-14935,Helen Wasserman,Corporate,United States,Chicago,Illinois,60653,Central,FUR-BO-10000112,"{'MainCategory': 'Furniture', 'SubCategory': 'Bookcases'}","Bush Birmingham Collection Bookcase, Dark Cherry",825.174,9,0.3,-117.882
172,CA-2014-118962,8/5/2014,8/9/2014,Standard Class,CS-12130,Chad Sievert,Consumer,United States,Los Angeles,California,90004,West,OFF-PA-10000659,"{'MainCategory': 'Office Supplies', 'SubCategory': 'Paper'}","Adams Phone Message Book, Professional, 400 Message Capacity, 5 3/6‚Äù x 11‚Äù",20.94,3,0,9.8418
6414,CA-2017-151211,8/17/2017,8/23/2017,Standard Class,AH-10120,Adrian Hane,Home Office,United States,Louisville,Kentucky,40214,South,TEC-AC-10004510,"{'MainCategory': 'Technology', 'SubCategory': 'Accessories'}",Logitech Desktop MK120 Mouse and keyboard Combo,98.16,6,0,9.816
5732,CA-2017-117324,12/8/2017,12/13/2017,Standard Class,JP-15520,Jeremy Pistek,Consumer,United States,Madison,Wisconsin,53711,Central,OFF-PA-10002713,"{'MainCategory': 'Office Supplies', 'SubCategory': 'Paper'}","Adams Phone Message Book, 200 Message Capacity, 8 1/16‚Äù x 11‚Äù",27.52,4,0,12.6592
9839,US-2016-125402,9/25/2016,10/1/2016,Standard Class,DL-12865,Dan Lawera,Consumer,United States,Long Beach,California,90805,West,OFF-LA-10001771,"{'MainCategory': 'Office Supplies', 'SubCategory': 'Labels'}",Avery 513,4.98,1,0,2.2908
8033,CA-2015-119690,6/25/2015,6/28/2015,First Class,MV-17485,Mark Van Huff,Consumer,United States,Houston,Texas,77041,Central,OFF-PA-10001019,"{'MainCategory': 'Office Supplies', 'SubCategory': 'Paper'}",Xerox 1884,47.952,3,0.2,16.1838
6617,CA-2016-123512,6/17/2016,6/19/2016,First Class,MV-18190,Mike Vittorini,Consumer,United States,Los Angeles,California,90045,West,OFF-LA-10000081,"{'MainCategory': 'Office Supplies', 'SubCategory': 'Labels'}",Avery 496,22.5,6,0,10.8
6523,CA-2017-138289,1/16/2017,1/18/2017,Second Class,AR-10540,Andy Reiter,Consumer,United States,Jackson,Michigan,49201,Central,OFF-PA-10001260,"{'MainCategory': 'Office Supplies', 'SubCategory': 'Paper'}","TOPS Money Receipt Book, Consecutively Numbered in Red,",56.07,7,0,25.2315
5326,CA-2015-119508,12/4/2015,12/9/2015,Standard Class,TZ-21580,Tracy Zic,Consumer,United States,Lakewood,California,90712,West,FUR-FU-10004270,"{'MainCategory': 'Furniture', 'SubCategory': 'Furnishings'}","Eldon Image Series Desk Accessories, Burgundy",25.08,6,0,9.0288
3109,CA-2016-121671,7/17/2016,7/22/2016,Standard Class,AA-10480,Andrew Allen,Consumer,United States,Springfield,Missouri,65807,Central,OFF-ST-10002344,"{'MainCategory': 'Office Supplies', 'SubCategory': 'Storage'}","Carina 42""Hx23 3/4""W Media Storage Unit",242.94,3,0,4.8588
1530,CA-2015-148432,11/7/2015,11/10/2015,Second Class,MC-18130,Mike Caudle,Corporate,United States,Newark,Delaware,19711,East,OFF-PA-10001274,"{'MainCategory': 'Office Supplies', 'SubCategory': 'Paper'}",Loose Memo Sheets,7.3,2,0,3.431
5700,CA-2017-148320,11/3/2017,11/8/2017,Standard Class,PG-18895,Paul Gonzalez,Consumer,United States,San Francisco,California,94109,West,OFF-PA-10003022,"{'MainCategory': 'Office Supplies', 'SubCategory': 'Paper'}",Xerox 1992,35.88,6,0,17.5812
8625,CA-2015-136147,11/13/2015,11/18/2015,Standard Class,FM-14380,Fred McMath,Consumer,United States,Miami,Florida,33178,South,TEC-AC-10004568,"{'MainCategory': 'Technology', 'SubCategory': 'Accessories'}",Maxell¬†LTO Ultrium - 800 GB,111.96,5,0.2,-1.3995
767,CA-2014-162775,1/13/2014,1/15/2014,Second Class,CS-12250,Chris Selesnick,Corporate,United States,Bossier City,Louisiana,71111,South,OFF-BI-10004187,"{'MainCategory': 'Office Supplies', 'SubCategory': 'Binders'}",3-ring staple pack,5.64,3,0,2.7072
4116,CA-2016-163573,11/24/2016,11/27/2016,First Class,AC-10450,Amy Cox,Consumer,United States,Seattle,Washington,98105,West,OFF-BI-10004632,"{'MainCategory': 'Office Supplies', 'SubCategory': 'Binders'}",Ibico Hi-Tech Manual Binding System,1219.96,5,0.2,381.2375
4222,CA-2017-134565,6/11/2017,6/13/2017,Second Class,TB-21400,Tom Boeckenhauer,Consumer,United States,Seattle,Washington,98103,West,TEC-MA-10001570,"{'MainCategory': 'Technology', 'SubCategory': 'Machines'}",Cisco Desktop Collaboration Experience DX650 IP Video Phone,385.8,5,0.2,130.2075
5193,CA-2014-101560,11/28/2014,12/1/2014,Second Class,CS-12250,Chris Selesnick,Corporate,United States,Columbia,South Carolina,29203,South,FUR-FU-10003773,"{'MainCategory': 'Furniture', 'SubCategory': 'Furnishings'}",Eldon Cleatmat Plus Chair Mats for High Pile Carpets,397.6,5,0,43.736
497,CA-2016-126158,7/25/2016,7/31/2016,Standard Class,SC-20095,Sanjit Chand,Consumer,United States,Costa Mesa,California,92627,West,OFF-BI-10002498,"{'MainCategory': 'Office Supplies', 'SubCategory': 'Binders'}",Clear Mylar Reinforcing Strips,119.616,8,0.2,40.3704
9442,CA-2014-165477,12/29/2014,12/31/2014,Second Class,RE-19405,Ricardo Emerson,Consumer,United States,Kent,Ohio,44240,East,OFF-AP-10003281,"{'MainCategory': 'Office Supplies', 'SubCategory': 'Appliances'}",Acco 6 Outlet Guardian Standard Surge Suppressor,48.36,5,0.2,6.045
1480,US-2016-108455,12/2/2016,12/8/2016,Standard Class,MK-18160,Mike Kennedy,Consumer,United States,San Francisco,California,94122,West,OFF-PA-10002262,"{'MainCategory': 'Office Supplies', 'SubCategory': 'Paper'}",Xerox 192,25.92,4,0,12.4416
6460,US-2017-133361,5/14/2017,5/17/2017,First Class,AJ-10780,Anthony Jacobs,Corporate,United States,Baltimore,Maryland,21215,East,OFF-AR-10003045,"{'MainCategory': 'Office Supplies', 'SubCategory': 'Art'}",Prang Colored Pencils,14.7,5,0,6.615
9408,CA-2017-162789,9/22/2017,9/24/2017,Second Class,LC-17140,Logan Currie,Consumer,United States,New York City,New York,10035,East,TEC-AC-10002842,"{'MainCategory': 'Technology', 'SubCategory': 'Accessories'}",WD My Passport Ultra 2TB Portable External Hard Drive,1071,9,0,171.36
44,CA-2017-139619,9/19/2017,9/23/2017,Standard Class,ES-14080,Erin Smith,Corporate,United States,Melbourne,Florida,32935,South,OFF-ST-10003282,"{'MainCategory': 'Office Supplies', 'SubCategory': 'Storage'}","Advantus 10-Drawer Portable Organizer, Chrome Metal Frame, Smoke Drawers",95.616,2,0.2,9.5616
4798,US-2016-148901,5/14/2016,5/19/2016,Standard Class,MK-17905,Michael Kennedy,Corporate,United States,Jacksonville,Florida,32216,South,OFF-PA-10004983,"{'MainCategory': 'Office Supplies', 'SubCategory': 'Paper'}",Xerox 23,31.104,6,0.2,10.8864
4871,CA-2017-131366,11/24/2017,11/29/2017,Standard Class,SC-20440,Shaun Chance,Corporate,United States,Lancaster,Pennsylvania,17602,East,OFF-PA-10000675,"{'MainCategory': 'Office Supplies', 'SubCategory': 'Paper'}",Xerox 1919,229.544,7,0.2,83.2097
1688,CA-2017-143798,12/10/2017,12/12/2017,First Class,AW-10840,Anthony Witt,Consumer,United States,Philadelphia,Pennsylvania,19140,East,OFF-PA-10000788,"{'MainCategory': 'Office Supplies', 'SubCategory': 'Paper'}",Xerox 210,10.368,2,0.2,3.6288
7698,CA-2017-151799,12/14/2017,12/18/2017,Standard Class,BF-11170,Ben Ferrer,Home Office,United States,Lawrence,Massachusetts,1841,East,TEC-CO-10002313,"{'MainCategory': 'Technology', 'SubCategory': 'Copiers'}",Canon PC1080F Personal Copier,1199.98,2,0,467.9922
8884,US-2017-115252,10/20/2017,10/25/2017,Standard Class,MY-18295,Muhammed Yedwab,Corporate,United States,Durham,North Carolina,27707,South,OFF-PA-10001667,"{'MainCategory': 'Office Supplies', 'SubCategory': 'Paper'}",Great White Multi-Use Recycled Paper (20Lb. and 84 Bright),14.352,3,0.2,4.485
4710,CA-2017-138149,6/29/2017,6/30/2017,First Class,WB-21850,William Brown,Consumer,United States,Los Angeles,California,90049,West,OFF-AR-10000255,"{'MainCategory': 'Office Supplies', 'SubCategory': 'Art'}",Newell 328,11.68,2,0,3.0368
9766,CA-2017-101959,2/28/2017,3/6/2017,Standard Class,DB-13660,Duane Benoit,Consumer,United States,Middletown,Connecticut,6457,East,OFF-BI-10001757,"{'MainCategory': 'Office Supplies', 'SubCategory': 'Binders'}",Pressboard Hanging Data Binders for Unburst Sheets,9.84,2,0,4.7232
838,US-2017-156083,11/4/2017,11/11/2017,Standard Class,JL-15175,James Lanier,Home Office,United States,Columbia,Tennessee,38401,South,OFF-PA-10001560,"{'MainCategory': 'Office Supplies', 'SubCategory': 'Paper'}","Adams Telephone Message Books, 5 1/4‚Äù x 11‚Äù",9.664,2,0.2,3.2616
3577,CA-2016-103163,6/7/2016,6/11/2016,Standard Class,FM-14290,Frank Merwin,Home Office,United States,Bakersfield,California,93309,West,OFF-BI-10003305,"{'MainCategory': 'Office Supplies', 'SubCategory': 'Binders'}",Avery Hanging File Binders,4.784,1,0.2,1.5548
1524,CA-2015-144806,12/6/2015,12/11/2015,Standard Class,GH-14425,Gary Hwang,Consumer,United States,Tucson,Arizona,85705,West,OFF-PA-10003039,"{'MainCategory': 'Office Supplies', 'SubCategory': 'Paper'}",Xerox 1960,198.272,8,0.2,61.96
6062,CA-2015-134201,4/10/2015,4/16/2015,Standard Class,EH-14125,Eugene Hildebrand,Home Office,United States,Rochester,New York,14609,East,OFF-AR-10002804,"{'MainCategory': 'Office Supplies', 'SubCategory': 'Art'}",Faber Castell Col-Erase Pencils,14.67,3,0,6.0147
3039,US-2015-123960,6/11/2015,6/16/2015,Standard Class,BD-11605,Brian Dahlen,Consumer,United States,Monroe,Louisiana,71203,South,FUR-FU-10004666,"{'MainCategory': 'Furniture', 'SubCategory': 'Furnishings'}",DAX Clear Channel Poster Frame,29.16,2,0,10.7892
4333,CA-2017-107909,9/1/2017,9/6/2017,Standard Class,SS-20875,Sung Shariari,Consumer,United States,Redmond,Washington,98052,West,OFF-BI-10003476,"{'MainCategory': 'Office Supplies', 'SubCategory': 'Binders'}",Avery Metallic Poly Binders,22.92,5,0.2,8.022
5307,US-2016-168410,2/21/2016,2/26/2016,Standard Class,BV-11245,Benjamin Venier,Corporate,United States,Oceanside,New York,11572,East,OFF-ST-10000036,"{'MainCategory': 'Office Supplies', 'SubCategory': 'Storage'}","Recycled Data-Pak for Archival Bound Computer Printouts, 12-1/2 x 12-1/2 x 16",296.37,3,0,80.0199
6041,CA-2017-122364,9/24/2017,9/29/2017,Standard Class,FA-14230,Frank Atkinson,Corporate,United States,Los Angeles,California,90008,West,TEC-PH-10001817,"{'MainCategory': 'Technology', 'SubCategory': 'Phones'}",Wilson Electronics DB Pro Signal Booster,859.2,3,0.2,75.18
8228,CA-2016-123050,4/4/2016,4/8/2016,Second Class,BC-11125,Becky Castell,Home Office,United States,Troy,New York,12180,East,FUR-FU-10000723,"{'MainCategory': 'Furniture', 'SubCategory': 'Furnishings'}","Deflect-o EconoMat Studded, No Bevel Mat for Low Pile Carpeting",82.64,2,0,7.4376
5577,CA-2016-136686,12/12/2016,12/16/2016,Standard Class,RF-19840,Roy Franz√∂sisch,Consumer,United States,Pasadena,California,91104,West,FUR-FU-10004864,"{'MainCategory': 'Furniture', 'SubCategory': 'Furnishings'}","Howard Miller 14-1/2"" Diameter Chrome Round Wall Clock",383.64,6,0,122.7648
349,CA-2017-134306,7/8/2017,7/12/2017,Standard Class,TD-20995,Tamara Dahlen,Consumer,United States,Lowell,Massachusetts,1852,East,OFF-AR-10001374,"{'MainCategory': 'Office Supplies', 'SubCategory': 'Art'}","BIC Brite Liner Highlighters, Chisel Tip",12.96,2,0,4.1472
6623,CA-2014-130449,9/6/2014,9/9/2014,First Class,VP-21760,Victoria Pisteka,Corporate,United States,San Francisco,California,94109,West,FUR-FU-10001487,"{'MainCategory': 'Furniture', 'SubCategory': 'Furnishings'}","Eldon Expressions Wood and Plastic Desk Accessories, Cherry Wood",41.88,6,0,12.1452
2319,CA-2017-122035,7/20/2017,7/25/2017,Standard Class,EM-13825,Elizabeth Moffitt,Corporate,United States,Sioux Falls,South Dakota,57103,Central,TEC-AC-10003095,"{'MainCategory': 'Technology', 'SubCategory': 'Accessories'}",Logitech G35 7.1-Channel Surround Sound Headset,389.97,3,0,132.5898
7270,CA-2016-133368,1/14/2016,1/20/2016,Standard Class,AG-10675,Anna Gayman,Consumer,United States,Concord,North Carolina,28027,South,FUR-FU-10003374,"{'MainCategory': 'Furniture', 'SubCategory': 'Furnishings'}",Electrix Fluorescent Magnifier Lamps & Weighted Base,315.776,8,0.2,31.5776
7289,CA-2014-158281,9/2/2014,9/7/2014,Standard Class,AG-10525,Andy Gerbode,Corporate,United States,Houston,Texas,77095,Central,TEC-MA-10002210,"{'MainCategory': 'Technology', 'SubCategory': 'Machines'}",Epson TM-T88V Direct Thermal Printer - Monochrome - Desktop,559.71,3,0.4,-121.2705
6852,US-2016-100461,1/8/2016,1/12/2016,Standard Class,JO-15145,Jack O'Briant,Corporate,United States,Franklin,Wisconsin,53132,Central,OFF-BI-10001460,"{'MainCategory': 'Office Supplies', 'SubCategory': 'Binders'}",Plastic Binding Combs,106.05,7,0,49.8435
9090,CA-2016-131093,9/17/2016,9/20/2016,Second Class,TS-21610,Troy Staebel,Consumer,United States,Springfield,Ohio,45503,East,OFF-ST-10002790,"{'MainCategory': 'Office Supplies', 'SubCategory': 'Storage'}",Safco Industrial Shelving,295.4,5,0.2,-62.7725
8388,CA-2015-149601,5/28/2015,6/3/2015,Standard Class,TB-21625,Trudy Brown,Consumer,United States,Manchester,Connecticut,6040,East,OFF-ST-10001328,"{'MainCategory': 'Office Supplies', 'SubCategory': 'Storage'}","Personal Filing Tote with Lid, Black/Gray",77.55,5,0,21.714
1812,CA-2014-132612,6/9/2014,6/11/2014,Second Class,FO-14305,Frank Olsen,Consumer,United States,Harrisonburg,Virginia,22801,South,FUR-TA-10004534,"{'MainCategory': 'Furniture', 'SubCategory': 'Tables'}",Bevis 44 x 96 Conference Tables,1441.3,7,0,245.021
6520,US-2017-116652,9/15/2017,9/19/2017,Standard Class,RD-19480,Rick Duston,Consumer,United States,San Francisco,California,94122,West,OFF-BI-10004528,"{'MainCategory': 'Office Supplies', 'SubCategory': 'Binders'}",Cardinal Poly Pocket Divider Pockets for Ring Binders,2.688,1,0.2,0.84
9394,CA-2014-125997,9/20/2014,9/23/2014,First Class,MW-18220,Mitch Webber,Consumer,United States,New York City,New York,10011,East,TEC-PH-10003484,"{'MainCategory': 'Technology', 'SubCategory': 'Phones'}",Ooma Telo VoIP Home Phone System,629.95,5,0,157.4875
800,CA-2015-101910,11/27/2015,12/3/2015,Standard Class,CD-11920,Carlos Daly,Consumer,United States,Lake Elsinore,California,92530,West,FUR-CH-10002647,"{'MainCategory': 'Furniture', 'SubCategory': 'Chairs'}","Situations Contoured Folding Chairs, 4/Set",283.92,5,0.2,17.745
9023,US-2016-141880,8/22/2016,8/23/2016,First Class,TC-21475,Tony Chapman,Home Office,United States,Fort Collins,Colorado,80525,West,FUR-FU-10001979,"{'MainCategory': 'Furniture', 'SubCategory': 'Furnishings'}",Dana Halogen Swing-Arm Architect Lamp,98.328,3,0.2,9.8328
724,CA-2014-117429,10/7/2014,10/13/2014,Standard Class,MR-17545,Mathew Reese,Home Office,United States,Philadelphia,Pennsylvania,19140,East,FUR-FU-10000222,"{'MainCategory': 'Furniture', 'SubCategory': 'Furnishings'}","Seth Thomas 16"" Steel Case Clock",129.92,5,0.2,21.112
8805,CA-2014-157644,12/31/2014,1/1/2015,First Class,AH-10030,Aaron Hawkins,Corporate,United States,New York City,New York,10035,East,OFF-LA-10003148,"{'MainCategory': 'Office Supplies', 'SubCategory': 'Labels'}",Avery 51,18.9,3,0,8.694
8710,CA-2014-119144,11/16/2014,11/18/2014,First Class,JD-16150,Justin Deggeller,Corporate,United States,Los Angeles,California,90008,West,FUR-BO-10004015,"{'MainCategory': 'Furniture', 'SubCategory': 'Bookcases'}","Bush Andora Bookcase, Maple/Graphite Gray Finish",305.9745,3,0.15,25.1979
7072,CA-2016-112256,7/23/2016,7/28/2016,Standard Class,CK-12205,Chloris Kastensmidt,Consumer,United States,Mcallen,Texas,78501,Central,OFF-AR-10001216,"{'MainCategory': 'Office Supplies', 'SubCategory': 'Art'}",Newell 339,4.448,2,0.2,0.3336
5091,CA-2017-132738,8/4/2017,8/7/2017,First Class,HM-14860,Harry Marie,Corporate,United States,Loveland,Colorado,80538,West,OFF-EN-10001141,"{'MainCategory': 'Office Supplies', 'SubCategory': 'Envelopes'}","Manila Recycled Extra-Heavyweight Clasp Envelopes, 6"" x 9""",8.784,1,0.2,3.1842
4260,CA-2017-118367,10/28/2017,11/2/2017,Second Class,LO-17170,Lori Olson,Corporate,United States,New York City,New York,10035,East,OFF-EN-10004386,"{'MainCategory': 'Office Supplies', 'SubCategory': 'Envelopes'}","Recycled Interoffice Envelopes with String and Button Closure, 10 x 13",47.98,2,0,23.99
8633,CA-2016-107783,7/28/2016,7/29/2016,First Class,OT-18730,Olvera Toch,Consumer,United States,Bethlehem,Pennsylvania,18018,East,OFF-BI-10000545,"{'MainCategory': 'Office Supplies', 'SubCategory': 'Binders'}",GBC Ibimaster 500 Manual ProClick Binding System,1369.764,6,0.7,-913.176
4513,CA-2016-118969,10/2/2016,10/3/2016,First Class,LP-17095,Liz Preis,Consumer,United States,Phoenix,Arizona,85023,West,OFF-BI-10002429,"{'MainCategory': 'Office Supplies', 'SubCategory': 'Binders'}","Premier Elliptical Ring Binder, Black",54.792,6,0.7,-40.1808
2734,CA-2014-107594,7/2/2014,7/6/2014,Standard Class,EH-13945,Eric Hoffmann,Consumer,United States,Plainfield,New Jersey,7060,East,OFF-AR-10000716,"{'MainCategory': 'Office Supplies', 'SubCategory': 'Art'}",DIXON Ticonderoga Erasable Checking Pencils,5.58,1,0,2.1762
1858,US-2017-158218,5/12/2017,5/15/2017,Second Class,AC-10420,Alyssa Crouse,Corporate,United States,Houston,Texas,77041,Central,OFF-BI-10002133,"{'MainCategory': 'Office Supplies', 'SubCategory': 'Binders'}","Wilson Jones Elliptical Ring 3 1/2"" Capacity Binders, 800 sheets",34.24,4,0.8,-53.072
8537,CA-2015-157343,6/7/2015,6/11/2015,Standard Class,HD-14785,Harold Dahlen,Home Office,United States,Philadelphia,Pennsylvania,19143,East,OFF-BI-10003707,"{'MainCategory': 'Office Supplies', 'SubCategory': 'Binders'}",Aluminum Screw Posts,18.312,4,0.7,-12.208
990,CA-2017-167899,5/21/2017,5/26/2017,Standard Class,JG-15805,John Grady,Corporate,United States,Auburn,New York,13021,East,OFF-AR-10001988,"{'MainCategory': 'Office Supplies', 'SubCategory': 'Art'}",Bulldog Table or Wall-Mount Pencil Sharpener,17.97,3,0,5.2113
6390,CA-2015-147529,2/7/2015,2/11/2015,Standard Class,DK-12835,Damala Kotsonis,Corporate,United States,Springfield,Virginia,22153,South,OFF-EN-10000056,"{'MainCategory': 'Office Supplies', 'SubCategory': 'Envelopes'}",Cameo Buff Policy Envelopes,311.15,5,0,146.2405
1217,US-2017-118087,9/9/2017,9/13/2017,Standard Class,SP-20620,Stefania Perrino,Corporate,United States,Philadelphia,Pennsylvania,19134,East,TEC-AC-10004469,"{'MainCategory': 'Technology', 'SubCategory': 'Accessories'}",Microsoft Sculpt Comfort Mouse,95.88,3,0.2,28.764
7368,CA-2016-127243,11/28/2016,12/4/2016,Standard Class,DS-13180,David Smith,Corporate,United States,Philadelphia,Pennsylvania,19140,East,FUR-CH-10002647,"{'MainCategory': 'Furniture', 'SubCategory': 'Chairs'}","Situations Contoured Folding Chairs, 4/Set",347.802,7,0.3,-24.843
8210,CA-2015-141565,9/20/2015,9/24/2015,Standard Class,BG-11035,Barry Gonzalez,Consumer,United States,Nashville,Tennessee,37211,South,OFF-ST-10001522,"{'MainCategory': 'Office Supplies', 'SubCategory': 'Storage'}","Gould Plastics 18-Pocket Panel Bin, 34w x 5-1/4d x 20-1/2h",294.368,4,0.2,-58.8736
9639,US-2017-125808,11/12/2017,11/15/2017,Second Class,EP-13915,Emily Phan,Consumer,United States,Los Angeles,California,90032,West,OFF-PA-10001846,"{'MainCategory': 'Office Supplies', 'SubCategory': 'Paper'}",Xerox 1899,11.56,2,0,5.6644
8720,CA-2016-120824,6/12/2016,6/16/2016,Second Class,AW-10930,Arthur Wiediger,Home Office,United States,Houston,Texas,77070,Central,OFF-PA-10000232,"{'MainCategory': 'Office Supplies', 'SubCategory': 'Paper'}",Xerox 1975,15.552,3,0.2,5.6376
7005,CA-2014-126333,12/23/2014,12/28/2014,Standard Class,ME-18010,Michelle Ellison,Corporate,United States,Port Arthur,Texas,77642,Central,OFF-PA-10000223,"{'MainCategory': 'Office Supplies', 'SubCategory': 'Paper'}",Xerox 2000,5.184,1,0.2,1.8144
8354,CA-2017-132199,5/3/2017,5/8/2017,Standard Class,BO-11350,Bill Overfelt,Corporate,United States,Philadelphia,Pennsylvania,19134,East,FUR-TA-10003748,"{'MainCategory': 'Furniture', 'SubCategory': 'Tables'}",Bevis 36 x 72 Conference Tables,373.47,5,0.4,-112.041
5381,CA-2016-136021,8/14/2016,8/18/2016,Standard Class,JM-15580,Jill Matthias,Consumer,United States,Los Angeles,California,90045,West,TEC-MA-10000423,"{'MainCategory': 'Technology', 'SubCategory': 'Machines'}",Texas Instruments TI-34 Scientific Calculator,105.552,6,0.2,35.6238
7898,CA-2017-128363,8/13/2017,8/18/2017,Standard Class,DC-12850,Dan Campbell,Consumer,United States,Memphis,Tennessee,38109,South,OFF-AP-10001563,"{'MainCategory': 'Office Supplies', 'SubCategory': 'Appliances'}",Belkin Premiere Surge Master II 8-outlet surge protector,272.048,7,0.2,30.6054
463,CA-2016-109869,4/22/2016,4/29/2016,Standard Class,TN-21040,Tanja Norvell,Home Office,United States,Phoenix,Arizona,85023,West,FUR-FU-10000023,"{'MainCategory': 'Furniture', 'SubCategory': 'Furnishings'}",Eldon Wave Desk Accessories,23.56,5,0.2,7.068
3043,CA-2017-149559,9/11/2017,9/12/2017,Same Day,KF-16285,Karen Ferguson,Home Office,United States,Long Beach,California,90805,West,OFF-EN-10002312,"{'MainCategory': 'Office Supplies', 'SubCategory': 'Envelopes'}",#10 Self-Seal White Envelopes,22.18,2,0,10.8682
6129,US-2014-158400,10/25/2014,10/28/2014,First Class,AH-10030,Aaron Hawkins,Corporate,United States,San Francisco,California,94109,West,OFF-BI-10002353,"{'MainCategory': 'Office Supplies', 'SubCategory': 'Binders'}",GBC VeloBind Cover Sets,49.408,4,0.2,18.528
8874,US-2014-105137,10/10/2014,10/10/2014,Same Day,RB-19435,Richard Bierner,Consumer,United States,Columbus,Ohio,43229,East,OFF-BI-10002429,"{'MainCategory': 'Office Supplies', 'SubCategory': 'Binders'}","Premier Elliptical Ring Binder, Black",18.264,2,0.7,-13.3936
7538,CA-2016-106460,2/19/2016,2/22/2016,Second Class,GT-14710,Greg Tran,Consumer,United States,San Francisco,California,94109,West,OFF-PA-10001736,"{'MainCategory': 'Office Supplies', 'SubCategory': 'Paper'}",Xerox 1880,70.88,2,0,33.3136
9002,CA-2014-103807,12/2/2014,12/9/2014,Standard Class,EM-13825,Elizabeth Moffitt,Corporate,United States,Sandy Springs,Georgia,30328,South,TEC-AC-10000199,"{'MainCategory': 'Technology', 'SubCategory': 'Accessories'}",Kingston Digital DataTraveler 8GB USB 2.0,5.95,1,0,0.833
1930,US-2017-101539,3/16/2017,3/18/2017,Second Class,VM-21685,Valerie Mitchum,Home Office,United States,Seattle,Washington,98105,West,OFF-ST-10004180,"{'MainCategory': 'Office Supplies', 'SubCategory': 'Storage'}",Safco Commercial Shelving,46.51,1,0,1.8604
41,CA-2015-117415,12/27/2015,12/31/2015,Standard Class,SN-20710,Steve Nguyen,Home Office,United States,Houston,Texas,77041,Central,TEC-PH-10000486,"{'MainCategory': 'Technology', 'SubCategory': 'Phones'}",Plantronics HL10 Handset Lifter,371.168,4,0.2,41.7564
2146,US-2016-152051,6/25/2016,6/29/2016,Standard Class,TS-21160,Theresa Swint,Corporate,United States,York,Pennsylvania,17403,East,FUR-CH-10002965,"{'MainCategory': 'Furniture', 'SubCategory': 'Chairs'}","Global Leather Highback Executive Chair with Pneumatic Height Adjustment, Black",422.058,3,0.3,-18.0882
2582,US-2014-155502,1/26/2014,1/31/2014,Standard Class,SD-20485,Shirley Daniels,Home Office,United States,Alexandria,Virginia,22304,South,OFF-PA-10000380,"{'MainCategory': 'Office Supplies', 'SubCategory': 'Paper'}","REDIFORM Incoming/Outgoing Call Register, 11"" X 8 1/2"", 100 Messages",16.68,2,0,8.34
1859,CA-2015-121608,9/3/2015,9/5/2015,First Class,JB-15400,Jennifer Braxton,Corporate,United States,Bristol,Connecticut,6010,East,OFF-AP-10002311,"{'MainCategory': 'Office Supplies', 'SubCategory': 'Appliances'}","Holmes Replacement Filter for HEPA Air Cleaner, Very Large Room, HEPA Filter",137.62,2,0,60.5528
7326,US-2017-128447,11/10/2017,11/17/2017,Standard Class,MC-17845,Michael Chen,Consumer,United States,Pasco,Washington,99301,West,OFF-AP-10004540,"{'MainCategory': 'Office Supplies', 'SubCategory': 'Appliances'}","Eureka The Boss Lite 10-Amp Upright Vacuum, Blue",400.8,5,0,112.224
9431,CA-2015-166219,8/28/2015,9/1/2015,Standard Class,BP-11185,Ben Peterman,Corporate,United States,Dallas,Texas,75081,Central,FUR-TA-10004607,"{'MainCategory': 'Furniture', 'SubCategory': 'Tables'}",Hon 2111 Invitation Series Straight Table,103.481,1,0.3,-16.2613
1674,CA-2015-150560,12/11/2015,12/12/2015,First Class,SW-20455,Shaun Weien,Consumer,United States,Suffolk,Virginia,23434,South,OFF-LA-10003930,"{'MainCategory': 'Office Supplies', 'SubCategory': 'Labels'}","Dot Matrix Printer Tape Reel Labels, White, 5000/Box",196.62,2,0,96.3438
5095,US-2014-140452,12/6/2014,12/10/2014,Standard Class,BK-11260,Berenike Kampe,Consumer,United States,Chicago,Illinois,60610,Central,FUR-TA-10004086,"{'MainCategory': 'Furniture', 'SubCategory': 'Tables'}",KI Adjustable-Height Table,214.95,5,0.5,-120.372
4562,CA-2015-118871,12/4/2015,12/9/2015,Second Class,HM-14860,Harry Marie,Corporate,United States,Los Angeles,California,90049,West,TEC-PH-10000193,"{'MainCategory': 'Technology', 'SubCategory': 'Phones'}",Jensen SMPS-640 -¬†speaker phone,110.352,3,0.2,8.2764
3099,CA-2017-135692,4/27/2017,5/1/2017,Standard Class,CV-12805,Cynthia Voltz,Corporate,United States,Fort Worth,Texas,76106,Central,FUR-BO-10002268,"{'MainCategory': 'Furniture', 'SubCategory': 'Bookcases'}",Sauder Barrister Bookcases,220.2656,4,0.32,-42.1096
9288,CA-2017-154011,6/19/2017,6/26/2017,Standard Class,DB-13270,Deborah Brumfield,Home Office,United States,Dallas,Texas,75081,Central,FUR-TA-10000688,"{'MainCategory': 'Furniture', 'SubCategory': 'Tables'}","Chromcraft Bull-Nose Wood Round Conference Table Top, Wood Base",457.485,3,0.3,-84.9615
8318,CA-2017-130904,4/11/2017,4/16/2017,Standard Class,HM-14980,Henry MacAllister,Consumer,United States,Burlington,North Carolina,27217,South,OFF-AR-10000422,"{'MainCategory': 'Office Supplies', 'SubCategory': 'Art'}",Pencil and Crayon Sharpener,1.752,1,0.2,0.1533
2164,CA-2016-154018,10/13/2016,10/19/2016,Standard Class,HA-14920,Helen Andreada,Consumer,United States,Laredo,Texas,78041,Central,TEC-AC-10002402,"{'MainCategory': 'Technology', 'SubCategory': 'Accessories'}",Razer Kraken PRO Over Ear PC and Music Headset,191.976,3,0.2,23.997
8458,US-2017-118556,5/28/2017,6/2/2017,Second Class,TH-21235,Tiffany House,Corporate,United States,Chicago,Illinois,60653,Central,OFF-BI-10004364,"{'MainCategory': 'Office Supplies', 'SubCategory': 'Binders'}",Storex Dura Pro Binders,3.564,3,0.8,-6.237
1088,CA-2016-166163,8/15/2016,8/20/2016,Second Class,CY-12745,Craig Yedwab,Corporate,United States,Oakland,California,94601,West,TEC-PH-10004896,"{'MainCategory': 'Technology', 'SubCategory': 'Phones'}",Nokia Lumia 521 (T-Mobile),71.976,3,0.2,7.1976
124,CA-2016-103730,6/12/2016,6/15/2016,First Class,SC-20725,Steven Cartwright,Consumer,United States,Wilmington,Delaware,19805,East,TEC-PH-10003875,"{'MainCategory': 'Technology', 'SubCategory': 'Phones'}",KLD Oscar II Style Snap-on Ultra Thin Side Flip Synthetic Leather Cover Case for HTC One HTC M7,68.04,7,0,19.7316
4868,CA-2017-122490,11/13/2017,11/18/2017,Standard Class,TT-21070,Ted Trevino,Consumer,United States,Seattle,Washington,98103,West,OFF-ST-10000991,"{'MainCategory': 'Office Supplies', 'SubCategory': 'Storage'}",Space Solutions HD Industrial Steel Shelving.,344.91,3,0,10.3473
941,CA-2016-105760,6/19/2016,6/20/2016,First Class,KC-16255,Karen Carlisle,Corporate,United States,San Francisco,California,94110,West,OFF-PA-10000350,"{'MainCategory': 'Office Supplies', 'SubCategory': 'Paper'}","Message Book, Standard Line ""While You Were Out"", 5 1/2"" X 4"", 200 Sets/Book",17.12,2,0,8.0464
1033,CA-2014-163552,7/11/2014,7/15/2014,Standard Class,LA-16780,Laura Armstrong,Corporate,United States,Hackensack,New Jersey,7601,East,OFF-LA-10001175,"{'MainCategory': 'Office Supplies', 'SubCategory': 'Labels'}",Avery 514,14.4,5,0,7.056
8500,CA-2014-169061,3/5/2014,3/8/2014,Second Class,AB-10150,Aimee Bixby,Consumer,United States,Yonkers,New York,10701,East,OFF-BI-10001617,"{'MainCategory': 'Office Supplies', 'SubCategory': 'Binders'}",GBC Wire Binding Combs,49.632,6,0.2,16.7508
3557,CA-2017-118542,12/1/2017,12/5/2017,Standard Class,CC-12550,Clay Cheatham,Consumer,United States,Los Angeles,California,90008,West,OFF-PA-10004735,"{'MainCategory': 'Office Supplies', 'SubCategory': 'Paper'}",Xerox 1905,45.36,7,0,21.7728
8030,CA-2016-166373,10/21/2016,10/25/2016,Standard Class,JF-15565,Jill Fjeld,Consumer,United States,San Antonio,Texas,78207,Central,TEC-AC-10002323,"{'MainCategory': 'Technology', 'SubCategory': 'Accessories'}",SanDisk Ultra 32 GB MicroSDHC Class 10 Memory Card,106.08,6,0.2,-9.282
2078,CA-2017-140676,9/12/2017,9/15/2017,First Class,BF-11080,Bart Folk,Consumer,United States,Baltimore,Maryland,21215,East,OFF-AP-10000358,"{'MainCategory': 'Office Supplies', 'SubCategory': 'Appliances'}",Fellowes Basic Home/Office Series Surge Protectors,90.86,7,0,26.3494
113,CA-2016-128867,11/3/2016,11/10/2016,Standard Class,CL-12565,Clay Ludtke,Consumer,United States,Urbandale,Iowa,50322,Central,OFF-BI-10003981,"{'MainCategory': 'Office Supplies', 'SubCategory': 'Binders'}","Avery Durable Plastic 1"" Binders",27.24,6,0,13.3476
5979,CA-2014-117765,9/7/2014,9/13/2014,Standard Class,RB-19465,Rick Bensley,Home Office,United States,Tulsa,Oklahoma,74133,Central,FUR-TA-10001039,"{'MainCategory': 'Furniture', 'SubCategory': 'Tables'}",KI Adjustable-Height Table,429.9,5,0,111.774
2168,CA-2016-154018,10/13/2016,10/19/2016,Standard Class,HA-14920,Helen Andreada,Consumer,United States,Laredo,Texas,78041,Central,OFF-BI-10004140,"{'MainCategory': 'Office Supplies', 'SubCategory': 'Binders'}",Avery Non-Stick Binders,6.286,7,0.8,-11.0005
2695,CA-2014-143182,10/15/2014,10/20/2014,Standard Class,DL-12865,Dan Lawera,Consumer,United States,Hialeah,Florida,33012,South,FUR-FU-10004270,"{'MainCategory': 'Furniture', 'SubCategory': 'Furnishings'}","Executive Impressions 13"" Clairmont Wall Clock",15.384,1,0.2,4.0383
2058,CA-2017-120376,12/22/2017,12/25/2017,First Class,TP-21130,Theone Pippenger,Consumer,United States,Detroit,Michigan,48227,Central,TEC-AC-10000844,"{'MainCategory': 'Technology', 'SubCategory': 'Accessories'}",Logitech¬†Gaming G510s - Keyboard,84.99,1,0,30.5964
7263,CA-2017-156363,10/22/2017,10/28/2017,Standard Class,ML-17395,Marina Lichtenstein,Corporate,United States,Philadelphia,Pennsylvania,19134,East,TEC-PH-10003988,"{'MainCategory': 'Technology', 'SubCategory': 'Phones'}","LF Elite 3D Dazzle Designer Hard Case Cover, Lf Stylus Pen and Wiper For Apple Iphone 5c Mini Lite",32.7,5,0.4,-6.54
7494,US-2017-160836,9/11/2017,9/16/2017,Standard Class,CC-12475,Cindy Chapman,Consumer,United States,Houston,Texas,77070,Central,FUR-TA-10002855,"{'MainCategory': 'Furniture', 'SubCategory': 'Tables'}",Bevis Round Conference Table Top & Single Column Base,512.19,5,0.3,-65.853
8694,CA-2016-118311,10/24/2016,10/28/2016,Standard Class,ED-13885,Emily Ducich,Home Office,United States,San Francisco,California,94110,West,TEC-AC-10000892,"{'MainCategory': 'Technology', 'SubCategory': 'Accessories'}",NETGEAR N750 Dual Band Wi-Fi Gigabit Router,450,5,0,162
970,CA-2017-135279,4/9/2017,4/11/2017,First Class,BS-11800,Bryan Spruell,Home Office,United States,New York City,New York,10011,East,OFF-ST-10001097,"{'MainCategory': 'Office Supplies', 'SubCategory': 'Storage'}",Office Impressions Heavy Duty Welded Shelving & Multimedia Storage Drawers,501.81,3,0,0
4196,CA-2016-124233,4/8/2016,4/14/2016,Standard Class,CK-12595,Clytie Kelty,Consumer,United States,Los Angeles,California,90032,West,FUR-FU-10002597,"{'MainCategory': 'Furniture', 'SubCategory': 'Furnishings'}","C-Line Magnetic Cubicle Keepers, Clear Polypropylene",24.7,5,0,10.374
530,US-2015-138303,9/3/2015,9/7/2015,Standard Class,MG-18145,Mike Gockenbach,Consumer,United States,Philadelphia,Pennsylvania,19134,East,OFF-SU-10002881,"{'MainCategory': 'Office Supplies', 'SubCategory': 'Supplies'}",Martin Yale Chadless Opener Electric Letter Opener,666.248,1,0.2,-149.9058
2188,CA-2017-143063,8/10/2017,8/15/2017,Standard Class,IL-15100,Ivan Liston,Consumer,United States,Columbus,Indiana,47201,Central,OFF-EN-10003134,"{'MainCategory': 'Office Supplies', 'SubCategory': 'Envelopes'}",Staple envelope,70.08,6,0,35.04
8925,CA-2016-168032,1/30/2016,2/3/2016,Standard Class,DF-13135,David Flashing,Consumer,United States,Rockford,Illinois,61107,Central,TEC-PH-10004241,"{'MainCategory': 'Technology', 'SubCategory': 'Phones'}",Nokia Lumia 1020,1439.968,4,0.2,143.9968
8247,CA-2015-129217,5/10/2015,5/10/2015,Same Day,DP-13390,Dennis Pardue,Home Office,United States,Aurora,Illinois,60505,Central,OFF-AP-10002439,"{'MainCategory': 'Office Supplies', 'SubCategory': 'Appliances'}",Tripp Lite Isotel 8 Ultra 8 Outlet Metal Surge,70.97,5,0.8,-191.619
6733,CA-2014-120096,7/4/2014,7/7/2014,First Class,KE-16420,Katrina Edelman,Corporate,United States,Aurora,Colorado,80013,West,OFF-PA-10001977,"{'MainCategory': 'Office Supplies', 'SubCategory': 'Paper'}",Xerox 194,177.536,4,0.2,62.1376
395,CA-2017-102946,6/30/2017,7/5/2017,Standard Class,VP-21730,Victor Preis,Home Office,United States,Las Vegas,Nevada,89115,West,OFF-BI-10004492,"{'MainCategory': 'Office Supplies', 'SubCategory': 'Binders'}",Tuf-Vin Binders,75.792,3,0.2,25.5798
1460,CA-2014-155271,5/4/2014,5/4/2014,Same Day,AA-10480,Andrew Allen,Consumer,United States,Middletown,Connecticut,6457,East,FUR-FU-10001473,"{'MainCategory': 'Furniture', 'SubCategory': 'Furnishings'}",DAX Wood Document Frame,27.46,2,0,9.8856
5774,CA-2016-117408,8/31/2016,9/6/2016,Standard Class,TP-21130,Theone Pippenger,Consumer,United States,Waco,Texas,76706,Central,OFF-ST-10001580,"{'MainCategory': 'Office Supplies', 'SubCategory': 'Storage'}",Super Decoflex Portable Personal File,23.968,2,0.2,2.3968
4789,CA-2015-104346,12/11/2015,12/16/2015,Standard Class,IM-15070,Irene Maddox,Consumer,United States,Colorado Springs,Colorado,80906,West,FUR-FU-10002456,"{'MainCategory': 'Furniture', 'SubCategory': 'Furnishings'}","Master Caster Door Stop, Large Neon Orange",52.416,9,0.2,15.0696
7497,CA-2017-121048,7/14/2017,7/18/2017,Standard Class,TC-21295,Toby Carlisle,Consumer,United States,Westminster,California,92683,West,FUR-FU-10003601,"{'MainCategory': 'Furniture', 'SubCategory': 'Furnishings'}","Deflect-o RollaMat Studded, Beveled Mat for Medium Pile Carpeting",276.69,3,0,49.8042
3694,US-2015-131359,10/30/2015,11/2/2015,Second Class,FA-14230,Frank Atkinson,Corporate,United States,Denver,Colorado,80219,West,FUR-FU-10003026,"{'MainCategory': 'Furniture', 'SubCategory': 'Furnishings'}","Eldon Regeneration Recycled Desk Accessories, Black",15.488,4,0.2,3.6784
5770,CA-2015-154900,2/25/2015,3/1/2015,Standard Class,SS-20875,Sung Shariari,Consumer,United States,Leominster,Massachusetts,1453,East,OFF-PA-10002377,"{'MainCategory': 'Office Supplies', 'SubCategory': 'Paper'}","Adams Telephone Message Book W/Dividers/Space For Phone Numbers, 5 1/4""X8 1/2"", 200/Messages",22.72,4,0,10.224
8766,CA-2015-107083,11/21/2015,11/27/2015,Standard Class,BB-11545,Brenda Bowman,Corporate,United States,Fort Worth,Texas,76106,Central,OFF-BI-10000756,"{'MainCategory': 'Office Supplies', 'SubCategory': 'Binders'}",Storex DuraTech Recycled Plastic Frosted Binders,1.696,2,0.8,-2.544
3565,CA-2016-130029,7/3/2016,7/6/2016,First Class,GT-14755,Guy Thornton,Consumer,United States,Los Angeles,California,90049,West,OFF-PA-10000552,"{'MainCategory': 'Office Supplies', 'SubCategory': 'Paper'}",Xerox 200,12.96,2,0,6.2208
475,CA-2014-144666,11/9/2014,11/11/2014,Second Class,JP-15520,Jeremy Pistek,Consumer,United States,San Francisco,California,94110,West,OFF-ST-10001321,"{'MainCategory': 'Office Supplies', 'SubCategory': 'Storage'}","Decoflex Hanging Personal Folder File, Blue",92.52,6,0,24.9804
3439,CA-2017-152583,10/30/2017,10/30/2017,Same Day,RA-19945,Ryan Akin,Consumer,United States,Dallas,Texas,75217,Central,FUR-TA-10002041,"{'MainCategory': 'Furniture', 'SubCategory': 'Tables'}","Bevis Round Conference Table Top, X-Base",251.006,2,0.3,-68.1302
5251,US-2016-169369,12/12/2016,12/18/2016,Standard Class,EC-14050,Erin Creighton,Consumer,United States,Columbus,Georgia,31907,South,TEC-AC-10001314,"{'MainCategory': 'Technology', 'SubCategory': 'Accessories'}",Case Logic 2.4GHz Wireless Keyboard,249.95,5,0,19.996
9475,CA-2015-100818,5/31/2015,6/5/2015,Second Class,JM-15265,Janet Molinari,Corporate,United States,Chicago,Illinois,60653,Central,OFF-LA-10000443,"{'MainCategory': 'Office Supplies', 'SubCategory': 'Labels'}",Avery 501,5.904,2,0.2,1.9926
3362,US-2015-142020,6/4/2015,6/8/2015,Second Class,TC-21535,Tracy Collins,Home Office,United States,New York City,New York,10024,East,FUR-FU-10000672,"{'MainCategory': 'Furniture', 'SubCategory': 'Furnishings'}","Executive Impressions 10"" Spectator Wall Clock",35.28,3,0,11.9952
8860,US-2017-114356,8/20/2017,8/26/2017,Standard Class,TT-21460,Tonja Turnell,Home Office,United States,Charlotte,North Carolina,28205,South,TEC-PH-10003171,"{'MainCategory': 'Technology', 'SubCategory': 'Phones'}",Plantronics Encore H101 Dual Earpieces¬†Headset,35.96,1,0.2,3.596
4650,CA-2017-129357,5/14/2017,5/19/2017,Standard Class,KB-16585,Ken Black,Corporate,United States,Seattle,Washington,98103,West,OFF-SU-10004498,"{'MainCategory': 'Office Supplies', 'SubCategory': 'Supplies'}",Martin-Yale Premier Letter Opener,64.4,5,0,1.932
6153,CA-2017-139437,7/3/2017,7/8/2017,Standard Class,RD-19585,Rob Dowd,Consumer,United States,Los Angeles,California,90004,West,OFF-ST-10002485,"{'MainCategory': 'Office Supplies', 'SubCategory': 'Storage'}",Rogers Deluxe File Chest,87.92,4,0,0.8792
1487,CA-2015-140410,11/3/2015,11/7/2015,Standard Class,CM-12655,Corinna Mitchell,Home Office,United States,Los Angeles,California,90008,West,TEC-PH-10003580,"{'MainCategory': 'Technology', 'SubCategory': 'Phones'}",Cisco IP Phone 7961G-GE VoIP phone,1212.848,7,0.2,106.1242
4725,CA-2016-131968,11/11/2016,11/15/2016,Standard Class,LB-16795,Laurel Beltran,Home Office,United States,Apopka,Florida,32712,South,OFF-BI-10002852,"{'MainCategory': 'Office Supplies', 'SubCategory': 'Binders'}",Ibico Standard Transparent Covers,9.888,2,0.7,-6.9216
2971,CA-2017-167941,11/6/2017,11/9/2017,Second Class,JF-15565,Jill Fjeld,Consumer,United States,Fayetteville,North Carolina,28314,South,OFF-BI-10002827,"{'MainCategory': 'Office Supplies', 'SubCategory': 'Binders'}",Avery Durable Poly Binders,13.272,8,0.7,-10.6176
4154,CA-2017-100160,9/7/2017,9/11/2017,Standard Class,CB-12025,Cassandra Brandow,Consumer,United States,Philadelphia,Pennsylvania,19134,East,OFF-EN-10001509,"{'MainCategory': 'Office Supplies', 'SubCategory': 'Envelopes'}",Poly String Tie Envelopes,4.896,3,0.2,1.6524
2813,CA-2015-135685,11/16/2015,11/18/2015,Second Class,MP-18175,Mike Pelletier,Home Office,United States,Milwaukee,Wisconsin,53209,Central,FUR-TA-10001520,"{'MainCategory': 'Furniture', 'SubCategory': 'Tables'}","Lesro Sheffield Collection Coffee Table, End Table, Center Table, Corner Table",214.11,3,0,36.3987
2650,CA-2014-131002,9/7/2014,9/12/2014,Second Class,TB-21400,Tom Boeckenhauer,Consumer,United States,Tulsa,Oklahoma,74133,Central,TEC-PH-10000215,"{'MainCategory': 'Technology', 'SubCategory': 'Phones'}",Plantronics Cordless¬†Phone Headset¬†with In-line Volume - M214C,104.85,3,0,28.3095
6352,CA-2017-161130,11/3/2017,11/8/2017,Standard Class,BF-11275,Beth Fritzler,Corporate,United States,Miami,Florida,33178,South,TEC-PH-10002549,"{'MainCategory': 'Technology', 'SubCategory': 'Phones'}",Polycom SoundPoint IP 450 VoIP phone,361.376,2,0.2,27.1032
8567,CA-2016-134110,11/17/2016,11/18/2016,First Class,BG-11035,Barry Gonzalez,Consumer,United States,The Colony,Texas,75056,Central,OFF-PA-10000697,"{'MainCategory': 'Office Supplies', 'SubCategory': 'Paper'}","TOPS Voice Message Log Book, Flash Format",15.232,4,0.2,5.5216
7246,CA-2017-145807,2/9/2017,2/13/2017,Standard Class,SB-20170,Sarah Bern,Consumer,United States,Los Angeles,California,90032,West,OFF-ST-10001370,"{'MainCategory': 'Office Supplies', 'SubCategory': 'Storage'}",Sensible Storage WireTech Storage Systems,354.9,5,0,17.745
5289,US-2017-136784,4/30/2017,5/5/2017,Standard Class,AD-10180,Alan Dominguez,Home Office,United States,San Francisco,California,94122,West,OFF-PA-10000675,"{'MainCategory': 'Office Supplies', 'SubCategory': 'Paper'}",Xerox 1919,163.96,4,0,80.3404
1501,CA-2017-130386,11/12/2017,11/18/2017,Standard Class,NG-18430,Nathan Gelder,Consumer,United States,Austin,Texas,78745,Central,OFF-PA-10003823,"{'MainCategory': 'Office Supplies', 'SubCategory': 'Paper'}",Xerox 197,223.056,9,0.2,69.705
2126,CA-2017-144862,12/1/2017,12/5/2017,Standard Class,EH-14005,Erica Hernandez,Home Office,United States,Philadelphia,Pennsylvania,19143,East,TEC-PH-10000923,"{'MainCategory': 'Technology', 'SubCategory': 'Phones'}","Belkin SportFit Armband For iPhone 5s/5c, Fuchsia",62.958,7,0.4,9.4437
7753,CA-2015-133242,6/18/2015,6/24/2015,Standard Class,KH-16510,Keith Herrera,Consumer,United States,Arlington,Virginia,22204,South,OFF-BI-10004826,"{'MainCategory': 'Office Supplies', 'SubCategory': 'Binders'}",JM Magazine Binder,33.02,2,0,15.8496
6635,CA-2017-144498,5/6/2017,5/6/2017,Same Day,MB-18085,Mick Brown,Consumer,United States,Charlotte,North Carolina,28205,South,OFF-BI-10003982,"{'MainCategory': 'Office Supplies', 'SubCategory': 'Binders'}",Wilson Jones Century Plastic Molded Ring Binders,68.541,11,0.7,-52.5481
1929,US-2017-101539,3/16/2017,3/18/2017,Second Class,VM-21685,Valerie Mitchum,Home Office,United States,Seattle,Washington,98105,West,OFF-PA-10001972,"{'MainCategory': 'Office Supplies', 'SubCategory': 'Paper'}",Xerox 214,6.48,1,0,3.1104
5628,CA-2017-148810,6/26/2017,7/1/2017,Standard Class,DR-12880,Dan Reichenbach,Corporate,United States,Miami,Florida,33180,South,OFF-LA-10004689,"{'MainCategory': 'Office Supplies', 'SubCategory': 'Labels'}",Avery 512,13.872,6,0.2,4.6818
3413,CA-2016-100244,9/20/2016,9/24/2016,Standard Class,GM-14695,Greg Maxwell,Corporate,United States,San Francisco,California,94122,West,OFF-AR-10000940,"{'MainCategory': 'Office Supplies', 'SubCategory': 'Art'}",Newell 343,11.76,4,0,3.1752
1964,CA-2017-110905,9/10/2017,9/15/2017,Second Class,RW-19690,Robert Waldorf,Consumer,United States,Springfield,Missouri,65807,Central,OFF-PA-10002586,"{'MainCategory': 'Office Supplies', 'SubCategory': 'Paper'}",Xerox 1970,24.9,5,0,11.703
4035,US-2016-108777,12/12/2016,12/12/2016,Same Day,JM-15655,Jim Mitchum,Corporate,United States,Lorain,Ohio,44052,East,OFF-BI-10003982,"{'MainCategory': 'Office Supplies', 'SubCategory': 'Binders'}",Wilson Jones Century Plastic Molded Ring Binders,18.693,3,0.7,-14.3313
9315,CA-2015-111948,11/11/2015,11/11/2015,Same Day,AG-10495,Andrew Gjertsen,Corporate,United States,Detroit,Michigan,48234,Central,OFF-AP-10002311,"{'MainCategory': 'Office Supplies', 'SubCategory': 'Appliances'}","Holmes Replacement Filter for HEPA Air Cleaner, Very Large Room, HEPA Filter",123.858,2,0.1,46.7908
4899,US-2014-122021,10/15/2014,10/17/2014,First Class,AC-10660,Anna Chung,Consumer,United States,Parma,Ohio,44134,East,OFF-PA-10002230,"{'MainCategory': 'Office Supplies', 'SubCategory': 'Paper'}",Xerox 1897,7.968,2,0.2,2.8884
2487,CA-2015-104514,1/2/2015,1/4/2015,Second Class,CB-12535,Claudia Bergmann,Corporate,United States,Newark,Delaware,19711,East,OFF-ST-10001837,"{'MainCategory': 'Office Supplies', 'SubCategory': 'Storage'}","SAFCO Mobile Desk Side File, Wire Frame",85.52,2,0,22.2352
607,CA-2014-149958,3/15/2014,3/19/2014,Standard Class,AS-10240,Alan Shonely,Consumer,United States,Tampa,Florida,33614,South,OFF-PA-10002120,"{'MainCategory': 'Office Supplies', 'SubCategory': 'Paper'}",Xerox 1889,131.904,3,0.2,47.8152
6006,CA-2015-100657,11/2/2015,11/7/2015,Standard Class,SW-20245,Scot Wooten,Consumer,United States,Troy,New York,12180,East,FUR-CH-10003535,"{'MainCategory': 'Furniture', 'SubCategory': 'Chairs'}","Global Armless Task Chair, Royal Blue",109.764,2,0.1,8.5372
2120,CA-2017-155460,4/13/2017,4/15/2017,First Class,RW-19630,Rob Williams,Corporate,United States,Seattle,Washington,98105,West,OFF-BI-10003091,"{'MainCategory': 'Office Supplies', 'SubCategory': 'Binders'}",GBC DocuBind TL200 Manual Binding Machine,895.92,5,0.2,302.373
8072,CA-2017-151750,1/1/2017,1/5/2017,Standard Class,JM-15250,Janet Martin,Consumer,United States,Huntsville,Texas,77340,Central,FUR-CH-10003199,"{'MainCategory': 'Furniture', 'SubCategory': 'Chairs'}",Office Star - Contemporary Task Swivel Chair,310.744,4,0.3,-26.6352
2181,CA-2016-128818,5/7/2016,5/11/2016,Standard Class,CJ-12010,Caroline Jumper,Consumer,United States,New York City,New York,10009,East,OFF-LA-10003923,"{'MainCategory': 'Office Supplies', 'SubCategory': 'Labels'}",Alphabetical Labels for Top Tab Filing,44.4,3,0,22.2
5346,CA-2017-108539,3/21/2017,3/23/2017,Second Class,SC-20725,Steven Cartwright,Consumer,United States,Los Angeles,California,90045,West,OFF-ST-10003208,"{'MainCategory': 'Office Supplies', 'SubCategory': 'Storage'}",Adjustable Depth Letter/Legal Cart,725.84,4,0,210.4936
8783,CA-2016-116911,9/15/2016,9/20/2016,Standard Class,JD-16150,Justin Deggeller,Corporate,United States,Twin Falls,Idaho,83301,West,OFF-BI-10001249,"{'MainCategory': 'Office Supplies', 'SubCategory': 'Binders'}",Avery Heavy-Duty EZD View Binder with Locking Rings,20.416,4,0.2,6.6352
1834,CA-2017-162691,8/1/2017,8/7/2017,Standard Class,AS-10045,Aaron Smayling,Corporate,United States,Austin,Texas,78745,Central,TEC-MA-10000488,"{'MainCategory': 'Technology', 'SubCategory': 'Machines'}",Bady BDG101FRU Card Printer,1439.982,3,0.4,-263.9967
9385,CA-2017-100433,8/11/2017,8/16/2017,Standard Class,SJ-20125,Sanjit Jacobs,Home Office,United States,New York City,New York,10009,East,OFF-PA-10003441,"{'MainCategory': 'Office Supplies', 'SubCategory': 'Paper'}",Xerox 226,25.92,4,0,12.4416
7941,CA-2016-146325,12/14/2016,12/17/2016,First Class,DS-13180,David Smith,Corporate,United States,San Diego,California,92037,West,FUR-CH-10001146,"{'MainCategory': 'Furniture', 'SubCategory': 'Chairs'}","Global Task Chair, Black",81.424,2,0.2,-9.1602
6263,CA-2016-132479,9/24/2016,9/26/2016,First Class,MK-17905,Michael Kennedy,Corporate,United States,Rockford,Illinois,61107,Central,OFF-BI-10004584,"{'MainCategory': 'Office Supplies', 'SubCategory': 'Binders'}",GBC ProClick 150 Presentation Binding System,442.372,7,0.8,-729.9138
1876,US-2016-112977,3/10/2016,3/16/2016,Standard Class,CJ-12010,Caroline Jumper,Consumer,United States,Long Beach,New York,11561,East,FUR-BO-10003272,"{'MainCategory': 'Furniture', 'SubCategory': 'Bookcases'}",O'Sullivan Living Dimensions 5-Shelf Bookcases,176.784,1,0.2,-22.098
8386,CA-2017-137582,9/4/2017,9/8/2017,Standard Class,CV-12805,Cynthia Voltz,Corporate,United States,Oakland,California,94601,West,OFF-BI-10001757,"{'MainCategory': 'Office Supplies', 'SubCategory': 'Binders'}",Pressboard Hanging Data Binders for Unburst Sheets,11.808,3,0.2,4.1328
93,CA-2015-149587,1/31/2015,2/5/2015,Second Class,KB-16315,Karl Braun,Consumer,United States,Minneapolis,Minnesota,55407,Central,OFF-PA-10003177,"{'MainCategory': 'Office Supplies', 'SubCategory': 'Paper'}",Xerox 1999,12.96,2,0,6.2208
6588,CA-2017-104731,7/21/2017,7/27/2017,Standard Class,AM-10705,Anne McFarland,Consumer,United States,Salem,Virginia,24153,South,FUR-BO-10003441,"{'MainCategory': 'Furniture', 'SubCategory': 'Bookcases'}","Bush Westfield Collection Bookcases, Fully Assembled",302.94,3,0,69.6762
7300,CA-2014-163468,11/18/2014,11/21/2014,First Class,JK-15730,Joe Kamberova,Consumer,United States,Des Plaines,Illinois,60016,Central,FUR-FU-10001546,"{'MainCategory': 'Furniture', 'SubCategory': 'Furnishings'}",Dana Swing-Arm Lamps,8.544,2,0.6,-7.476
818,CA-2014-140858,6/28/2014,7/2/2014,Standard Class,CA-12775,Cynthia Arntzen,Consumer,United States,Philadelphia,Pennsylvania,19140,East,OFF-PA-10000304,"{'MainCategory': 'Office Supplies', 'SubCategory': 'Paper'}",Xerox 1995,41.472,8,0.2,14.5152
8828,US-2014-157847,4/2/2014,4/6/2014,Second Class,SC-20020,Sam Craven,Consumer,United States,Houston,Texas,77095,Central,OFF-PA-10001593,"{'MainCategory': 'Office Supplies', 'SubCategory': 'Paper'}",Xerox 1947,33.488,7,0.2,10.465
9145,US-2017-166688,5/20/2017,5/26/2017,Standard Class,RD-19480,Rick Duston,Consumer,United States,Las Vegas,Nevada,89115,West,OFF-AP-10000358,"{'MainCategory': 'Office Supplies', 'SubCategory': 'Appliances'}",Fellowes Basic Home/Office Series Surge Protectors,64.9,5,0,18.821
9077,US-2015-136259,11/5/2015,11/8/2015,First Class,CB-12415,Christy Brittain,Consumer,United States,Lakewood,Ohio,44107,East,OFF-SU-10004661,"{'MainCategory': 'Office Supplies', 'SubCategory': 'Supplies'}",Acme Titanium Bonded Scissors,27.2,4,0.2,2.04
5321,US-2017-162558,10/2/2017,10/5/2017,First Class,Dp-13240,Dean percer,Home Office,United States,Knoxville,Tennessee,37918,South,FUR-TA-10000198,"{'MainCategory': 'Furniture', 'SubCategory': 'Tables'}",Chromcraft Bull-Nose Wood Oval Conference Tables & Bases,2314.116,7,0.4,-1002.7836
6242,CA-2017-141572,5/28/2017,5/31/2017,Second Class,LO-17170,Lori Olson,Corporate,United States,Concord,New Hampshire,3301,East,FUR-FU-10001185,"{'MainCategory': 'Furniture', 'SubCategory': 'Furnishings'}","Advantus Employee of the Month Certificate Frame, 11 x 13-1/2",247.44,8,0,101.4504
6644,US-2015-156496,8/10/2015,8/16/2015,Standard Class,WB-21850,William Brown,Consumer,United States,Redmond,Oregon,97756,West,TEC-PH-10000576,"{'MainCategory': 'Technology', 'SubCategory': 'Phones'}",AT&T 1080 Corded phone,438.368,4,0.2,38.3572
5762,CA-2017-158169,8/12/2017,8/15/2017,First Class,JM-16195,Justin MacKendrick,Consumer,United States,Lake Forest,California,92630,West,OFF-AP-10000828,"{'MainCategory': 'Office Supplies', 'SubCategory': 'Appliances'}",Avanti 4.4 Cu. Ft. Refrigerator,542.94,3,0,152.0232
8166,CA-2015-168207,11/2/2015,11/6/2015,Standard Class,LT-17110,Liz Thompson,Consumer,United States,San Diego,California,92105,West,OFF-BI-10003355,"{'MainCategory': 'Office Supplies', 'SubCategory': 'Binders'}",Cardinal Holdit Business Card Pockets,11.952,3,0.2,4.1832
2796,CA-2014-154599,4/12/2014,4/17/2014,Standard Class,KN-16450,Kean Nguyen,Corporate,United States,Redondo Beach,California,90278,West,OFF-BI-10002764,"{'MainCategory': 'Office Supplies', 'SubCategory': 'Binders'}",Recycled Pressboard Report Cover with Reinforced Top Hinge,18.088,7,0.2,6.5569
1776,CA-2014-118976,4/28/2014,5/3/2014,Standard Class,MY-18295,Muhammed Yedwab,Corporate,United States,Baltimore,Maryland,21215,East,OFF-AR-10004752,"{'MainCategory': 'Office Supplies', 'SubCategory': 'Art'}",Blackstonian Pencils,5.34,2,0,1.4952
7807,CA-2015-102260,9/22/2015,9/26/2015,Standard Class,SJ-20125,Sanjit Jacobs,Home Office,United States,Franklin,Tennessee,37064,South,OFF-BI-10000042,"{'MainCategory': 'Office Supplies', 'SubCategory': 'Binders'}","Pressboard Data Binder, Crimson, 12"" X 8 1/2""",3.204,2,0.7,-2.5632
7261,CA-2016-152730,5/30/2016,6/4/2016,Standard Class,EM-14140,Eugene Moren,Home Office,United States,Superior,Wisconsin,54880,Central,TEC-PH-10000441,"{'MainCategory': 'Technology', 'SubCategory': 'Phones'}",VTech DS6151,125.99,1,0,35.2772
2230,CA-2014-128055,3/31/2014,4/5/2014,Standard Class,AA-10315,Alex Avila,Consumer,United States,San Francisco,California,94122,West,OFF-BI-10004390,"{'MainCategory': 'Office Supplies', 'SubCategory': 'Binders'}",GBC DocuBind 200 Manual Binding Machine,673.568,2,0.2,252.588
9414,CA-2016-132017,9/26/2016,9/27/2016,First Class,MH-17620,Matt Hagelstein,Corporate,United States,Houston,Texas,77041,Central,OFF-BI-10004001,"{'MainCategory': 'Office Supplies', 'SubCategory': 'Binders'}",GBC Recycled VeloBinder Covers,6.816,2,0.8,-11.5872
1652,CA-2014-135699,8/29/2014,8/29/2014,Same Day,HH-15010,Hilary Holden,Corporate,United States,San Francisco,California,94110,West,OFF-PA-10003001,"{'MainCategory': 'Office Supplies', 'SubCategory': 'Paper'}",Xerox 1986,13.36,2,0,6.4128
3594,CA-2016-164154,9/11/2016,9/17/2016,Standard Class,NZ-18565,Nick Zandusky,Home Office,United States,Toledo,Ohio,43615,East,OFF-BI-10001658,"{'MainCategory': 'Office Supplies', 'SubCategory': 'Binders'}",GBC Standard Therm-A-Bind Covers,22.428,3,0.7,-17.9424
22,CA-2016-137330,12/9/2016,12/13/2016,Standard Class,KB-16585,Ken Black,Corporate,United States,Fremont,Nebraska,68025,Central,OFF-AR-10000246,"{'MainCategory': 'Office Supplies', 'SubCategory': 'Art'}",Newell 318,19.46,7,0,5.0596
644,CA-2017-106103,6/10/2017,6/15/2017,Standard Class,SC-20305,Sean Christensen,Consumer,United States,Rochester Hills,Michigan,48307,Central,TEC-AC-10003832,"{'MainCategory': 'Technology', 'SubCategory': 'Accessories'}",Imation¬†16GB Mini TravelDrive USB 2.0¬†Flash Drive,132.52,4,0,54.3332
1864,US-2016-100839,10/13/2016,10/17/2016,Standard Class,NC-18625,Noah Childs,Corporate,United States,Aurora,Colorado,80013,West,FUR-TA-10004575,"{'MainCategory': 'Furniture', 'SubCategory': 'Tables'}",Hon 5100 Series Wood Tables,727.45,5,0.5,-465.568
8951,CA-2017-150910,12/22/2017,12/28/2017,Standard Class,JL-15130,Jack Lebron,Consumer,United States,Jackson,Tennessee,38301,South,TEC-AC-10001013,"{'MainCategory': 'Technology', 'SubCategory': 'Accessories'}",Logitech ClearChat Comfort/USB Headset H390,46.864,2,0.2,7.6154
3200,CA-2017-164000,12/18/2017,12/22/2017,Standard Class,AH-10030,Aaron Hawkins,Corporate,United States,Philadelphia,Pennsylvania,19134,East,OFF-AR-10003183,"{'MainCategory': 'Office Supplies', 'SubCategory': 'Art'}",Avery Fluorescent Highlighter Four-Color Set,18.704,7,0.2,2.338
6165,CA-2014-103989,3/19/2014,3/21/2014,First Class,MC-17605,Matt Connell,Corporate,United States,Lakeland,Florida,33801,South,FUR-FU-10003981,"{'MainCategory': 'Furniture', 'SubCategory': 'Furnishings'}",Eldon Wave Desk Accessories,4.992,3,0.2,1.3728
8741,CA-2016-102498,7/24/2016,7/25/2016,First Class,JG-15160,James Galang,Consumer,United States,Lafayette,Louisiana,70506,South,OFF-AR-10004456,"{'MainCategory': 'Office Supplies', 'SubCategory': 'Art'}",Panasonic KP-4ABK Battery-Operated Pencil Sharpener,73.2,5,0,21.228
2027,CA-2016-113516,9/8/2016,9/10/2016,Second Class,VM-21685,Valerie Mitchum,Home Office,United States,Lancaster,California,93534,West,OFF-BI-10002225,"{'MainCategory': 'Office Supplies', 'SubCategory': 'Binders'}","Square Ring Data Binders, Rigid 75 Pt. Covers, 11"" x 14-7/8""",33.024,2,0.2,11.5584
4505,US-2014-138247,12/24/2014,12/29/2014,Standard Class,BF-11170,Ben Ferrer,Home Office,United States,Los Angeles,California,90045,West,OFF-AP-10000828,"{'MainCategory': 'Office Supplies', 'SubCategory': 'Appliances'}",Avanti 4.4 Cu. Ft. Refrigerator,361.96,2,0,101.3488
9848,CA-2017-169327,9/2/2017,9/4/2017,Second Class,MH-17290,Marc Harrigan,Home Office,United States,Los Angeles,California,90008,West,FUR-FU-10004188,"{'MainCategory': 'Furniture', 'SubCategory': 'Furnishings'}",Luxo Professional Combination Clamp-On Lamps,511.5,5,0,132.99
4700,CA-2017-140298,5/11/2017,5/17/2017,Standard Class,JK-16120,Julie Kriz,Home Office,United States,Austin,Texas,78745,Central,OFF-AR-10003481,"{'MainCategory': 'Office Supplies', 'SubCategory': 'Art'}",Newell 348,5.248,2,0.2,0.5904
676,CA-2017-130351,12/5/2017,12/8/2017,First Class,RB-19570,Rob Beeghly,Consumer,United States,Columbus,Indiana,47201,Central,TEC-AC-10003832,"{'MainCategory': 'Technology', 'SubCategory': 'Accessories'}",Imation¬†16GB Mini TravelDrive USB 2.0¬†Flash Drive,99.39,3,0,40.7499
9393,CA-2015-130848,10/25/2015,10/25/2015,Same Day,DG-13300,Deirdre Greer,Corporate,United States,Denver,Colorado,80219,West,FUR-CH-10000422,"{'MainCategory': 'Furniture', 'SubCategory': 'Chairs'}",Global Highback Leather Tilter in Burgundy,582.336,8,0.2,-29.1168
4265,US-2016-131611,11/5/2016,11/9/2016,Standard Class,EP-13915,Emily Phan,Consumer,United States,Houston,Texas,77036,Central,FUR-TA-10002774,"{'MainCategory': 'Furniture', 'SubCategory': 'Tables'}",Laminate Occasional Tables,863.128,8,0.3,-160.2952
6807,CA-2017-162880,12/25/2017,12/29/2017,Standard Class,GD-14590,Giulietta Dortch,Corporate,United States,Everett,Washington,98208,West,OFF-BI-10003314,"{'MainCategory': 'Office Supplies', 'SubCategory': 'Binders'}",Tuff Stuff Recycled Round Ring Binders,3.856,1,0.2,1.3978
8774,CA-2015-132276,2/23/2015,2/28/2015,Standard Class,LC-16960,Lindsay Castell,Home Office,United States,New York City,New York,10024,East,OFF-AP-10000804,"{'MainCategory': 'Office Supplies', 'SubCategory': 'Appliances'}",Hoover Portapower Portable Vacuum,26.88,6,0,6.72
9785,CA-2015-149748,5/31/2015,6/2/2015,Second Class,EM-13825,Elizabeth Moffitt,Corporate,United States,Paterson,New Jersey,7501,East,FUR-FU-10001847,"{'MainCategory': 'Furniture', 'SubCategory': 'Furnishings'}",Eldon Image Series Black Desk Accessories,8.28,2,0,2.9808
3810,CA-2015-113628,11/12/2015,11/19/2015,Standard Class,AH-10690,Anna H√§berlin,Corporate,United States,Plantation,Florida,33317,South,FUR-CH-10003298,"{'MainCategory': 'Furniture', 'SubCategory': 'Chairs'}","Office Star - Contemporary Task Swivel chair with Loop Arms, Charcoal",523.92,5,0.2,-72.039
9899,CA-2016-112830,6/6/2016,6/10/2016,Standard Class,LP-17095,Liz Preis,Consumer,United States,Fairfield,Ohio,45014,East,FUR-FU-10004845,"{'MainCategory': 'Furniture', 'SubCategory': 'Furnishings'}","Deflect-o EconoMat Nonstudded, No Bevel Mat",82.64,2,0.2,0
6221,CA-2016-160220,10/20/2016,10/26/2016,Standard Class,JS-16030,Joy Smith,Consumer,United States,Trenton,Michigan,48183,Central,OFF-ST-10000617,"{'MainCategory': 'Office Supplies', 'SubCategory': 'Storage'}",Woodgrain Magazine Files by Perma,20.86,7,0,1.4602
117,CA-2014-115259,8/25/2014,8/27/2014,Second Class,RC-19960,Ryan Crowe,Consumer,United States,Columbus,Ohio,43229,East,OFF-EN-10002504,"{'MainCategory': 'Office Supplies', 'SubCategory': 'Envelopes'}","Tyvek  Top-Opening Peel & Seel Envelopes, Plain White",130.464,6,0.2,44.0316
7018,CA-2014-114790,3/11/2014,3/13/2014,Second Class,FM-14215,Filia McAdams,Corporate,United States,Richmond,Kentucky,40475,South,OFF-PA-10000213,"{'MainCategory': 'Office Supplies', 'SubCategory': 'Paper'}",Xerox 198,14.94,3,0,7.0218
8306,CA-2016-128671,8/11/2016,8/16/2016,Standard Class,MT-18070,Michelle Tran,Home Office,United States,Tulsa,Oklahoma,74133,Central,OFF-PA-10001870,"{'MainCategory': 'Office Supplies', 'SubCategory': 'Paper'}",Xerox 202,32.4,5,0,15.552
4465,US-2017-125717,9/28/2017,10/1/2017,First Class,DS-13030,Darrin Sayre,Home Office,United States,Aurora,Colorado,80013,West,OFF-AP-10000891,"{'MainCategory': 'Office Supplies', 'SubCategory': 'Appliances'}",Kensington 7 Outlet MasterPiece HOMEOFFICE Power Control Center,209.792,2,0.2,26.224
6734,CA-2014-120096,7/4/2014,7/7/2014,First Class,KE-16420,Katrina Edelman,Corporate,United States,Aurora,Colorado,80013,West,OFF-AP-10000692,"{'MainCategory': 'Office Supplies', 'SubCategory': 'Appliances'}",Fellowes Mighty 8 Compact Surge Protector,32.432,2,0.2,3.2432
3380,CA-2017-142867,3/17/2017,3/21/2017,Standard Class,PO-19180,Philisse Overcash,Home Office,United States,Houston,Texas,77095,Central,OFF-PA-10004610,"{'MainCategory': 'Office Supplies', 'SubCategory': 'Paper'}",Xerox 1900,10.272,3,0.2,3.21
3583,CA-2015-121650,12/10/2015,12/16/2015,Standard Class,KD-16495,Keith Dawkins,Corporate,United States,Jackson,Michigan,49201,Central,OFF-AR-10001149,"{'MainCategory': 'Office Supplies', 'SubCategory': 'Art'}","Avery Hi-Liter Comfort Grip Fluorescent Highlighter, Yellow Ink",3.9,2,0,1.521
8987,CA-2015-123092,12/3/2015,12/7/2015,Standard Class,JG-15115,Jack Garza,Consumer,United States,Jacksonville,North Carolina,28540,South,OFF-BI-10001718,"{'MainCategory': 'Office Supplies', 'SubCategory': 'Binders'}",GBC DocuBind P50 Personal Binding Machine,95.97,5,0.7,-73.577
9896,CA-2014-115049,9/26/2014,10/1/2014,Standard Class,MM-17920,Michael Moore,Consumer,United States,Chicago,Illinois,60623,Central,TEC-AC-10004859,"{'MainCategory': 'Technology', 'SubCategory': 'Accessories'}","Maxell Pro 80 Minute CD-R, 10/Pack",153.824,11,0.2,38.456
578,CA-2015-149713,9/18/2015,9/22/2015,Second Class,TG-21640,Trudy Glocke,Consumer,United States,Long Beach,California,90805,West,OFF-SU-10001574,"{'MainCategory': 'Office Supplies', 'SubCategory': 'Supplies'}",Acme Value Line Scissors,7.3,2,0,2.19
5793,CA-2017-140186,9/29/2017,10/2/2017,First Class,PG-18820,Patrick Gardner,Consumer,United States,Bakersfield,California,93309,West,OFF-AP-10002578,"{'MainCategory': 'Office Supplies', 'SubCategory': 'Appliances'}","Fellowes Premier Superior Surge Suppressor, 10-Outlet, With Phone and Remote",97.84,2,0,25.4384
2535,US-2017-117723,8/15/2017,8/18/2017,Second Class,DL-13495,Dionis Lloyd,Corporate,United States,Philadelphia,Pennsylvania,19120,East,OFF-ST-10004459,"{'MainCategory': 'Office Supplies', 'SubCategory': 'Storage'}",Tennsco Single-Tier Lockers,1801.632,6,0.2,-337.806
9603,CA-2014-130155,5/19/2014,5/22/2014,First Class,TD-20995,Tamara Dahlen,Consumer,United States,Virginia Beach,Virginia,23464,South,OFF-SU-10004737,"{'MainCategory': 'Office Supplies', 'SubCategory': 'Supplies'}",Acme Design Stainless Steel Bent Scissors,34.2,5,0,9.234
4360,CA-2017-162565,12/11/2017,12/11/2017,Same Day,RR-19315,Ralph Ritter,Consumer,United States,Aurora,Illinois,60505,Central,FUR-CH-10003973,"{'MainCategory': 'Furniture', 'SubCategory': 'Chairs'}",GuestStacker Chair with Chrome Finish Legs,520.464,2,0.3,-14.8704
3181,CA-2017-105235,12/5/2017,12/11/2017,Standard Class,SM-20950,Suzanne McNair,Corporate,United States,New York City,New York,10011,East,OFF-AP-10001271,"{'MainCategory': 'Office Supplies', 'SubCategory': 'Appliances'}",Eureka The Boss Cordless Rechargeable Stick Vac,254.9,5,0,68.823
2257,CA-2016-164091,9/17/2016,9/22/2016,Standard Class,LA-16780,Laura Armstrong,Corporate,United States,Bangor,Maine,4401,East,FUR-FU-10004952,"{'MainCategory': 'Furniture', 'SubCategory': 'Furnishings'}","C-Line Cubicle Keepers Polyproplyene Holder w/Velcro Back, 8-1/2x11, 25/Bx",109.48,2,0,33.9388
4939,CA-2014-157147,1/13/2014,1/18/2014,Standard Class,BD-11605,Brian Dahlen,Consumer,United States,San Francisco,California,94109,West,FUR-BO-10003034,"{'MainCategory': 'Furniture', 'SubCategory': 'Bookcases'}","O'Sullivan Elevations Bookcase, Cherry Finish",333.999,3,0.15,3.9294
4857,CA-2015-137526,1/13/2015,1/17/2015,Standard Class,PB-19150,Philip Brown,Consumer,United States,Los Angeles,California,90004,West,OFF-BI-10003364,"{'MainCategory': 'Office Supplies', 'SubCategory': 'Binders'}",Binding Machine Supplies,70.008,3,0.2,24.5028
7367,CA-2016-127243,11/28/2016,12/4/2016,Standard Class,DS-13180,David Smith,Corporate,United States,Philadelphia,Pennsylvania,19140,East,OFF-ST-10002301,"{'MainCategory': 'Office Supplies', 'SubCategory': 'Storage'}",Tennsco Commercial Shelving,32.544,2,0.2,-7.7292
3674,CA-2016-104969,4/8/2016,4/14/2016,Standard Class,EH-14125,Eugene Hildebrand,Home Office,United States,Troy,Ohio,45373,East,OFF-BI-10004224,"{'MainCategory': 'Office Supplies', 'SubCategory': 'Binders'}",Catalog Binders with Expanding Posts,121.104,6,0.7,-100.92
3718,CA-2016-142370,9/19/2016,9/23/2016,Standard Class,TP-21130,Theone Pippenger,Consumer,United States,Columbus,Georgia,31907,South,OFF-SU-10003002,"{'MainCategory': 'Office Supplies', 'SubCategory': 'Supplies'}",Letter Slitter,5.04,2,0,0.1512
4133,CA-2015-111703,7/2/2015,7/9/2015,Standard Class,KB-16315,Karl Braun,Consumer,United States,Hollywood,Florida,33021,South,OFF-PA-10003349,"{'MainCategory': 'Office Supplies', 'SubCategory': 'Paper'}",Xerox 1957,15.552,3,0.2,5.6376
1628,CA-2015-143119,9/24/2015,9/30/2015,Standard Class,MC-17275,Marc Crier,Consumer,United States,Lafayette,Louisiana,70506,South,FUR-CH-10001270,"{'MainCategory': 'Furniture', 'SubCategory': 'Chairs'}",Harbour Creations Steel Folding Chair,517.5,6,0,155.25
3811,CA-2015-113628,11/12/2015,11/19/2015,Standard Class,AH-10690,Anna H√§berlin,Corporate,United States,Plantation,Florida,33317,South,TEC-PH-10000441,"{'MainCategory': 'Technology', 'SubCategory': 'Phones'}",VTech DS6151,100.792,1,0.2,10.0792
3183,CA-2017-152912,11/9/2017,11/12/2017,Second Class,BM-11650,Brian Moss,Corporate,United States,Columbia,Maryland,21044,East,TEC-AC-10004666,"{'MainCategory': 'Technology', 'SubCategory': 'Accessories'}",Maxell¬†iVDR EX 500GB Cartridge,826.62,3,0,355.4466
2314,CA-2017-122035,7/20/2017,7/25/2017,Standard Class,EM-13825,Elizabeth Moffitt,Corporate,United States,Sioux Falls,South Dakota,57103,Central,OFF-LA-10004093,"{'MainCategory': 'Office Supplies', 'SubCategory': 'Labels'}",Avery 486,14.62,2,0,6.8714
4052,CA-2014-122931,9/29/2014,10/3/2014,Standard Class,SM-20950,Suzanne McNair,Corporate,United States,Philadelphia,Pennsylvania,19134,East,OFF-AR-10003469,"{'MainCategory': 'Office Supplies', 'SubCategory': 'Art'}",Nontoxic Chalk,4.224,3,0.2,1.4784
3011,CA-2017-134845,4/17/2017,4/23/2017,Standard Class,SR-20425,Sharelle Roach,Home Office,United States,Louisville,Colorado,80027,West,OFF-BI-10000773,"{'MainCategory': 'Office Supplies', 'SubCategory': 'Binders'}",Insertable Tab Post Binder Dividers,12.03,5,0.7,-9.223
2184,CA-2016-128818,5/7/2016,5/11/2016,Standard Class,CJ-12010,Caroline Jumper,Consumer,United States,New York City,New York,10009,East,TEC-AC-10001767,"{'MainCategory': 'Technology', 'SubCategory': 'Accessories'}",SanDisk Ultra 64 GB MicroSDHC Class 10 Memory Card,199.95,5,0,21.9945
1718,CA-2016-169943,5/19/2016,5/24/2016,Standard Class,BN-11515,Bradley Nguyen,Consumer,United States,New York City,New York,10011,East,OFF-ST-10004123,"{'MainCategory': 'Office Supplies', 'SubCategory': 'Storage'}",Safco Industrial Wire Shelving System,454.9,5,0,0
5535,US-2016-167472,6/6/2016,6/7/2016,First Class,CK-12595,Clytie Kelty,Consumer,United States,Little Rock,Arkansas,72209,South,OFF-PA-10000157,"{'MainCategory': 'Office Supplies', 'SubCategory': 'Paper'}",Xerox 191,59.94,3,0,28.1718
5521,CA-2017-117667,12/4/2017,12/9/2017,Standard Class,MS-17980,Michael Stewart,Corporate,United States,Philadelphia,Pennsylvania,19134,East,OFF-PA-10002709,"{'MainCategory': 'Office Supplies', 'SubCategory': 'Paper'}",Xerox 1956,23.92,5,0.2,8.671
5940,CA-2017-122077,5/19/2017,5/25/2017,Standard Class,JF-15295,Jason Fortune-,Consumer,United States,Plano,Texas,75023,Central,OFF-LA-10004178,"{'MainCategory': 'Office Supplies', 'SubCategory': 'Labels'}",Avery 491,13.216,4,0.2,4.2952
7632,CA-2014-162089,3/30/2014,4/1/2014,First Class,MP-17470,Mark Packer,Home Office,United States,Brownsville,Texas,78521,Central,FUR-CH-10002304,"{'MainCategory': 'Furniture', 'SubCategory': 'Chairs'}","Global Stack Chair without Arms, Black",127.302,7,0.3,-9.093
1042,CA-2016-102981,9/6/2016,9/9/2016,Second Class,MO-17500,Mary O'Rourke,Consumer,United States,New York City,New York,10035,East,TEC-AC-10004761,"{'MainCategory': 'Technology', 'SubCategory': 'Accessories'}",Maxell 4.7GB DVD+RW 3/Pack,31.86,2,0,11.151
3530,CA-2015-141145,9/17/2015,9/23/2015,Standard Class,DB-13405,Denny Blanton,Consumer,United States,Orlando,Florida,32839,South,TEC-AC-10001465,"{'MainCategory': 'Technology', 'SubCategory': 'Accessories'}",SanDisk Cruzer 64 GB USB Flash Drive,87.168,3,0.2,10.896
1089,CA-2016-166163,8/15/2016,8/20/2016,Second Class,CY-12745,Craig Yedwab,Corporate,United States,Oakland,California,94601,West,OFF-LA-10000452,"{'MainCategory': 'Office Supplies', 'SubCategory': 'Labels'}",Avery 488,3.15,1,0,1.512
6364,CA-2017-110443,11/21/2017,11/25/2017,Standard Class,CK-12205,Chloris Kastensmidt,Consumer,United States,Renton,Washington,98059,West,TEC-MA-10002073,"{'MainCategory': 'Technology', 'SubCategory': 'Machines'}","3D Systems Cube Printer, 2nd Generation, White",1039.992,1,0.2,103.9992
6730,CA-2015-156734,6/18/2015,6/20/2015,First Class,BV-11245,Benjamin Venier,Corporate,United States,Smyrna,Tennessee,37167,South,OFF-BI-10002982,"{'MainCategory': 'Office Supplies', 'SubCategory': 'Binders'}",Avery Self-Adhesive Photo Pockets for Polaroid Photos,6.129,3,0.7,-4.4946
4088,CA-2016-111913,8/4/2016,8/6/2016,Second Class,LC-16930,Linda Cazamias,Corporate,United States,Sacramento,California,95823,West,OFF-BI-10000343,"{'MainCategory': 'Office Supplies', 'SubCategory': 'Binders'}","Pressboard Covers with Storage Hooks, 9 1/2"" x 11"", Light Blue",11.784,3,0.2,3.9771
5231,CA-2017-124436,3/19/2017,3/22/2017,Second Class,SA-20830,Sue Ann Reed,Consumer,United States,Fresno,California,93727,West,FUR-TA-10001095,"{'MainCategory': 'Furniture', 'SubCategory': 'Tables'}",Chromcraft Round Conference Tables,697.16,5,0.2,8.7145
6508,US-2016-128909,10/9/2016,10/11/2016,Second Class,SP-20545,Sibella Parks,Corporate,United States,Philadelphia,Pennsylvania,19143,East,FUR-FU-10004071,"{'MainCategory': 'Furniture', 'SubCategory': 'Furnishings'}",Luxo Professional Magnifying Clamp-On Fluorescent Lamps,332.832,4,0.2,-24.9624
3507,CA-2014-166863,6/20/2014,6/24/2014,Standard Class,SC-20020,Sam Craven,Consumer,United States,Plano,Texas,75023,Central,OFF-BI-10000756,"{'MainCategory': 'Office Supplies', 'SubCategory': 'Binders'}",Storex DuraTech Recycled Plastic Frosted Binders,3.392,4,0.8,-5.088
7609,CA-2017-163209,5/3/2017,5/7/2017,Standard Class,MK-18160,Mike Kennedy,Consumer,United States,San Francisco,California,94122,West,OFF-PA-10001166,"{'MainCategory': 'Office Supplies', 'SubCategory': 'Paper'}",Xerox 2,25.92,4,0,12.4416
8752,CA-2016-105662,5/5/2016,5/9/2016,Standard Class,RB-19465,Rick Bensley,Home Office,United States,Tallahassee,Florida,32303,South,OFF-PA-10001001,"{'MainCategory': 'Office Supplies', 'SubCategory': 'Paper'}","Snap-A-Way Black Print Carbonless Speed Message, No Reply Area, Duplicate",93.248,4,0.2,31.4712
9257,CA-2014-168368,2/11/2014,2/15/2014,Second Class,GA-14725,Guy Armstrong,Consumer,United States,Columbia,Missouri,65203,Central,OFF-BI-10004728,"{'MainCategory': 'Office Supplies', 'SubCategory': 'Binders'}",Wilson Jones Turn Tabs Binder Tool for Ring Binders,9.64,2,0,4.4344
8639,CA-2017-118346,7/23/2017,7/24/2017,First Class,PO-19180,Philisse Overcash,Home Office,United States,Kenosha,Wisconsin,53142,Central,TEC-AC-10000736,"{'MainCategory': 'Technology', 'SubCategory': 'Accessories'}",Logitech G600 MMO Gaming Mouse,399.95,5,0,143.982
5146,CA-2017-161333,2/2/2017,2/7/2017,Standard Class,JL-15835,John Lee,Consumer,United States,Los Angeles,California,90045,West,OFF-ST-10000464,"{'MainCategory': 'Office Supplies', 'SubCategory': 'Storage'}","Multi-Use Personal File Cart and Caster Set, Three Stacking Bins",139.04,4,0,38.9312
7468,CA-2017-148985,11/11/2017,11/15/2017,Second Class,TB-21190,Thomas Brumley,Home Office,United States,Los Angeles,California,90045,West,FUR-FU-10001424,"{'MainCategory': 'Furniture', 'SubCategory': 'Furnishings'}",Dax Clear Box Frame,34.92,4,0,11.8728
3150,US-2014-109036,12/20/2014,12/25/2014,Standard Class,KH-16510,Keith Herrera,Consumer,United States,Seattle,Washington,98103,West,OFF-LA-10002043,"{'MainCategory': 'Office Supplies', 'SubCategory': 'Labels'}",Avery 489,31.05,3,0,14.904
7116,US-2016-102239,5/5/2016,5/6/2016,First Class,LW-16990,Lindsay Williams,Corporate,United States,Henderson,Nevada,89015,West,OFF-BI-10001890,"{'MainCategory': 'Office Supplies', 'SubCategory': 'Binders'}",Avery Poly Binder Pockets,5.728,2,0.2,2.0048
4186,CA-2016-111493,10/21/2016,10/22/2016,First Class,CM-12160,Charles McCrossin,Consumer,United States,Baltimore,Maryland,21215,East,TEC-AC-10004510,"{'MainCategory': 'Technology', 'SubCategory': 'Accessories'}",Logitech Desktop MK120 Mouse and keyboard Combo,98.16,6,0,9.816
5517,US-2016-138408,11/18/2016,11/21/2016,Second Class,KC-16255,Karen Carlisle,Corporate,United States,Huntsville,Alabama,35810,South,TEC-AC-10003870,"{'MainCategory': 'Technology', 'SubCategory': 'Accessories'}",Logitech¬†Z-906 Speaker sys - home theater - 5.1-CH,1319.96,4,0,527.984
5242,CA-2016-110730,9/23/2016,9/26/2016,Second Class,CM-11815,Candace McMahon,Corporate,United States,Seattle,Washington,98115,West,OFF-SU-10004737,"{'MainCategory': 'Office Supplies', 'SubCategory': 'Supplies'}",Acme Design Stainless Steel Bent Scissors,13.68,2,0,3.6936
5022,CA-2016-133795,12/18/2016,12/24/2016,Standard Class,JE-15475,Jeremy Ellison,Consumer,United States,San Diego,California,92037,West,TEC-AC-10001465,"{'MainCategory': 'Technology', 'SubCategory': 'Accessories'}",SanDisk Cruzer 64 GB USB Flash Drive,72.64,2,0,21.792
3295,CA-2014-138023,8/15/2014,8/18/2014,First Class,KH-16510,Keith Herrera,Consumer,United States,Dallas,Texas,75081,Central,OFF-BI-10003638,"{'MainCategory': 'Office Supplies', 'SubCategory': 'Binders'}",GBC Durable Plastic Covers,30.96,8,0.8,-52.632
953,CA-2017-131156,4/3/2017,4/7/2017,Standard Class,KH-16360,Katherine Hughes,Consumer,United States,Philadelphia,Pennsylvania,19143,East,FUR-FU-10001940,"{'MainCategory': 'Furniture', 'SubCategory': 'Furnishings'}",Staple-based wall hangings,25.472,4,0.2,7.6416
7441,US-2017-163657,9/2/2017,9/6/2017,Standard Class,JL-15235,Janet Lee,Consumer,United States,Los Angeles,California,90049,West,FUR-TA-10004607,"{'MainCategory': 'Furniture', 'SubCategory': 'Tables'}",Hon 2111 Invitation Series Straight Table,236.528,2,0.2,-2.9566
8922,CA-2016-145709,10/4/2016,10/8/2016,Standard Class,AH-10690,Anna H√§berlin,Corporate,United States,Coral Gables,Florida,33134,South,TEC-PH-10003095,"{'MainCategory': 'Technology', 'SubCategory': 'Phones'}",Samsung HM1900 Bluetooth Headset,52.68,3,0.2,19.755
4094,CA-2015-102491,8/24/2015,8/28/2015,Standard Class,KW-16435,Katrina Willman,Consumer,United States,Florence,Kentucky,41042,South,TEC-MA-10000864,"{'MainCategory': 'Technology', 'SubCategory': 'Machines'}",Cisco 9971 IP Video Phone Charcoal,3080,7,0,1416.8
1932,CA-2016-152121,11/27/2016,11/29/2016,Second Class,CC-12670,Craig Carreira,Consumer,United States,Scottsdale,Arizona,85254,West,TEC-PH-10002483,"{'MainCategory': 'Technology', 'SubCategory': 'Phones'}",Motorola Moto X,271.992,1,0.2,23.7993
935,CA-2016-140081,6/20/2016,6/24/2016,Standard Class,CG-12040,Catherine Glotzbach,Home Office,United States,Philadelphia,Pennsylvania,19120,East,OFF-BI-10004826,"{'MainCategory': 'Office Supplies', 'SubCategory': 'Binders'}",JM Magazine Binder,29.718,6,0.7,-21.7932
151,CA-2016-114489,12/5/2016,12/9/2016,Standard Class,JE-16165,Justin Ellison,Corporate,United States,Franklin,Wisconsin,53132,Central,OFF-BI-10002735,"{'MainCategory': 'Office Supplies', 'SubCategory': 'Binders'}",GBC Prestige Therm-A-Bind Covers,171.55,5,0,80.6285
7015,CA-2014-114790,3/11/2014,3/13/2014,Second Class,FM-14215,Filia McAdams,Corporate,United States,Richmond,Kentucky,40475,South,OFF-AP-10002578,"{'MainCategory': 'Office Supplies', 'SubCategory': 'Appliances'}","Fellowes Premier Superior Surge Suppressor, 10-Outlet, With Phone and Remote",146.76,3,0,38.1576
7818,CA-2016-138478,10/21/2016,10/26/2016,Second Class,DP-13390,Dennis Pardue,Home Office,United States,North Las Vegas,Nevada,89031,West,OFF-PA-10001801,"{'MainCategory': 'Office Supplies', 'SubCategory': 'Paper'}",Xerox 193,35.88,6,0,17.5812
8890,CA-2016-147256,10/17/2016,10/21/2016,Second Class,FC-14245,Frank Carlisle,Home Office,United States,Columbia,Missouri,65203,Central,TEC-PH-10003072,"{'MainCategory': 'Technology', 'SubCategory': 'Phones'}",Panasonic KX-TG9541B DECT 6.0 Digital 2-Line Expandable Cordless Phone With Digital Answering System,449.97,3,0,220.4853
6023,CA-2014-130869,11/17/2014,11/21/2014,Standard Class,CB-12025,Cassandra Brandow,Consumer,United States,Cedar Hill,Texas,75104,Central,OFF-EN-10002600,"{'MainCategory': 'Office Supplies', 'SubCategory': 'Envelopes'}","Redi-Strip #10 Envelopes, 4 1/8 x 9 1/2",7.08,3,0.2,2.478
2209,CA-2015-129854,8/22/2015,8/26/2015,Standard Class,RB-19705,Roger Barcio,Home Office,United States,New York City,New York,10009,East,OFF-AR-10000390,"{'MainCategory': 'Office Supplies', 'SubCategory': 'Art'}",Newell Chalk Holder,16.52,4,0,7.5992
6921,CA-2017-121706,2/26/2017,3/2/2017,Standard Class,BM-11140,Becky Martin,Consumer,United States,Santa Barbara,California,93101,West,OFF-AP-10003287,"{'MainCategory': 'Office Supplies', 'SubCategory': 'Appliances'}",Tripp Lite TLP810NET Broadband Surge for Modem/Fax,356.79,7,0,99.9012
6551,CA-2015-126739,11/1/2015,11/3/2015,Second Class,JH-16180,Justin Hirsh,Consumer,United States,New York City,New York,10035,East,FUR-CH-10000422,"{'MainCategory': 'Furniture', 'SubCategory': 'Chairs'}",Global Highback Leather Tilter in Burgundy,327.564,4,0.1,21.8376
9279,CA-2017-122539,12/1/2017,12/5/2017,Standard Class,SC-20305,Sean Christensen,Consumer,United States,Philadelphia,Pennsylvania,19140,East,OFF-BI-10001759,"{'MainCategory': 'Office Supplies', 'SubCategory': 'Binders'}","Acco Pressboard Covers with Storage Hooks, 14 7/8"" x 11"", Dark Blue",8.001,7,0.7,-5.6007
988,CA-2015-146829,3/10/2015,3/10/2015,Same Day,TS-21340,Toby Swindell,Consumer,United States,Houston,Texas,77041,Central,OFF-BI-10004022,"{'MainCategory': 'Office Supplies', 'SubCategory': 'Binders'}",Acco Suede Grain Vinyl Round Ring Binder,1.112,2,0.8,-1.8904
6149,CA-2016-161928,6/27/2016,6/29/2016,Second Class,AC-10660,Anna Chung,Consumer,United States,San Francisco,California,94109,West,TEC-PH-10003484,"{'MainCategory': 'Technology', 'SubCategory': 'Phones'}",Ooma Telo VoIP Home Phone System,201.584,2,0.2,12.599
2678,US-2014-160780,6/21/2014,6/21/2014,Same Day,SV-20785,Stewart Visinsky,Consumer,United States,Pueblo,Colorado,81001,West,OFF-BI-10001116,"{'MainCategory': 'Office Supplies', 'SubCategory': 'Binders'}","Wilson Jones 1"" Hanging DublLock Ring Binders",11.088,7,0.7,-8.1312
